2900 4792
259 142 337 227 160
686 165 895 237 AGATffltE
914 238 919 247 ,

107 328 366 405 tottionem.
387 318 424 386 τό
436 318 495 407 γὰρ
511 321 638 403 βέβαιον
658 322 693 388 έν
719 323 764 412 τῷ
781 318 895 409 εόλόγρι
918 322 1080 406 κρίνεσθαι
1093 324 1156 409 χρῆ
1167 372 1178 406 ,
1211 322 1267 389 sat
1282 318 1324 386 ’τό

141 406 446 506 ιωε’γτσρτερεΐό
466 428 532 497 τοῖς
551 421 704 505 παροῦσιν
726 414 785 485 oris
805 420 981 485 ἐπαινετέον
999 419 1068 499 risi,
1097 414 1166 485 ἀλλ’
1183 414 1232 485 ὅτε
1247 443 1329 506 φρο·

181 585 187 593 ,
251 520 340 603 νησει
358 520 656 603 συμπαραγιγνεται.
684 517 764 585 ἔνθα
789 521 824 585 δὲ
849 516 1016 600 συμβαίνει
1041 510 1086 583 οἷν
1108 522 1168 601 μὲν
1196 521 1249 583 δεῖ
1270 540 1332 599 με-

222 620 393 701 Βμνῆσθαι
409 620 572 706 περιορᾷν,
593 616 724 701 ἔχεσθαι
746 620 781 683 δὲ
797 619 859 683 τῶν
875 610 912 683 ου’
934 614 1169 700 προσηκόντων,
1189 618 1328 682 ἐνταῦθα

249 718 310 780 sori
327 714 517 799 μεταβόντος
533 718 585 805 ἐφ’
608 721 700 803 ἕτερα
719 712 736 780 ό
753 713 893 802 βεβηκώς
908 715 962 779 ε’πό
979 722 1045 789 τοῖς
1066 719 1226 802 προτέραις
1245 718 1349 803 propolal

249 814 404 901 πότερος.
433 819 535 880 ταῦτα
559 814 597 900 δὴ
619 808 676 882 σόν
700 816 730 881 oi
749 817 878 903 Πέρσαι
897 812 1127 896 πυνθανόμεναι
1143 811 1222 901 πρός
1238 813 1330 899 ἡμῶν

249 918 306 980 καί
320 913 490 994 συνίεντες,
510 918 691 1001 στέρξουσιν
706 912 792 1001 ἡμᾶς
808 910 951 995 εἰκότως,
979 914 1034 978 κατ’
1055 912 1328 1000 όπερμαχαῦνται,

246 1012 388 1099 χρηστοί
399 1036 434 1076 τε
456 1005 543 1089 όντες
560 1016 615 1078 καί
630 1011 876 1101 μεγαλόφρονες,
907 1015 961 1081 καί
982 1014 1081 1078 δεινοί
1102 1011 1329 1099 τεκμαιρεσθαι

246 1109 442 1195 τόςγνιόμας
463 1114 527 1177 τεόν
541 1116 656 1194 πέλας,
686 1116 741 1178 καί
760 1112 839 1200 πρός
860 1137 895 1197 γε
909 1108 1021 1198 χοόραν
1042 1108 1143 1188 οότως
1167 1114 1328 1196 ἐπικαιρο-

247 1208 346 1297 τόσην
363 1214 420 1276 καί
441 1209 579 1293 δυ’ναμιν
598 1205 772 1298 ἀξιόχρεων
779 1260 790 1295 ,
818 1209 858 1297 ἢν
876 1210 967 1277 atros*
984 1208 1045 1297 πρό
1060 1213 1183 1275 πολλῶν
1198 1210 1377 1295 mpii-10

245 1334 310 1375 των
328 1298 384 1374 icat
396 1308 500 1375 πόνων
521 1306 607 1393 ἔχειν
620 1313 788 1393 τιμῶνται,
814 1312 859 1386 εἰς
873 1315 1062 1393 συμμαχιαν
1077 1308 1325 1392 αότεπόγγελτυν

247 1405 548 1492 προσλαμβάνοντες.
568 1404 615 1491 μη
630 1409 735 1473 τοίνυν
753 1407 859 1495 ἕτερόν
874 1432 905 1474 τι
919 1404 1005 1493 παρό
1020 1410 1121 1472 ταῦτα
1138 1407 1327 1489 διανοεῖσθε,

248 1501 320 1571 ἀλλ’
336 1503 436 1581 εόθός
456 1507 625 1591 ἐπιχειρεῖν
644 1516 711 1582 τοῖς
729 1505 908 1592 πράγμασι,
938 1510 995 1571 καί
1008 1500 1041 1571 τό
1056 1508 1226 1590 μελετηθέν
1249 1499 1328 1569 όνα-

220 1603 432 1671 exardesco·
453 1599 538 1669 οότω
551 1602 609 1692 γὰρ
631 1599 671 1671 όν
686 1598 833 1676 εὔκλειαν
850 1609 998 1689 μεγίστην
1017 1604 1184 1692 α’ροίμεθα,
1206 1594 1278 1669 όσιό
1289 1626 1326 1667 τε

245 1702 381 1788 δρῶντες
401 1698 457 1766 καί
474 1704 601 1785 δίκαια,
630 1697 685 1768 καὶ
701 1700 776 1790 πρός
797 1701 832 1769 τό
847 1712 993 1769 συνοῖσον
1007 1704 1233 1789 έξευρημένα.”
1329 1710 1371 1774 15

326 1797 382 1864 ια’.
424 1803 560 1865 Τοιαῦτα
576 1804 634 1865 τοῦ
658 1798 782 1887 Αἰήτου
800 1798 956 1884 εἰπόντος,
985 1801 1097 1867 αὐτίκα
1113 1798 1197 1878 ἅπας
1212 1798 1230 1864 ό
1247 1794 1324 1881 όμι-

243 1904 299 1975 λος
312 1900 428 1985 ἐπῆρτο
451 1903 506 1965 καί
520 1899 653 1983 α’νεβόα,
681 1900 737 1965 καί
752 1897 935 1985 αὐθημερόν
954 1902 1037 1965 ἵεντο
1057 1898 1324 1983 μετανίστασθαι,

244 1990 318 2063 eise
332 2007 399 2074 τοῖς
418 2000 562 2084 Πέρσαις
581 2000 848 2087 προεγνωσμένου,
876 1992 949 2065 orire
966 1994 1048 2064 οότω
1067 1998 1325 2086 παρεσκευασμέ-

243 2120 293 2163 νοι
307 2094 351 2173 ὥς
366 2099 532 2164 διαλαθεῖν
546 2098 644 2182 τυχόν
658 2092 680 2183 ἢ
693 2097 749 2163 καί
764 2096 950 2181 α’μόνασθαι
964 2094 1036 2173 τοός
1056 2096 1240 2178 Ῥωμαίους
1251 2099 1326 2163 δια-

180 2274 183 2279 .
242 2198 426 2281 κωλύοντας,
439 2194 518 2263 otti
527 2200 627 2283 μηδὲν
640 2196 745 2264 ότιυόν
761 2199 824 2265 τῶν
839 2200 994 2280 ἐσομένων
1007 2192 1231 2278 διανοούμενοι,
1244 2193 1371 2280 peissun

312 2336 337 2389 γ.
353 2317 428 2389 ipris
444 2318 476 2375 lt.
511 2320 536 2372 8.
555 2331 584 2370 τε
601 2336 653 2370 om.
672 2319 700 2371 R.
759 2318 881 2371 sciente
897 2315 990 2371 derret
1008 2316 1072 2372 edd.
1091 2332 1124 2369 ex
1143 2316 1171 2367 ll.
1191 2323 1220 2367 et
1236 2317 1325 2385 Intpr.

292 2399 297 2406 “
315 2388 463 2446 ιι.πόνων
482 2386 564 2457 Lugd.
582 2396 611 2441 et
623 2388 670 2441 Erl
688 2404 740 2458 pr„
758 2388 873 2440 πόντων
886 2389 926 2451 li„
943 2386 1044 2457 πόρων
1060 2387 1117 2439 Par.
1128 2386 1237 2437 cxconi.
1254 2386 1322 2439 Bon.

312 2458 401 2523 Vulc,
416 2458 500 2525 lntpr.
521 2459 621 2511 omisit
684 2458 724 2526 ri.
740 2462 878 2529 μεγίστην
896 2458 937 2519 R„
959 2456 978 2509 d
997 2460 1078 2521 ίστην
1093 2454 1163 2507 vul.
1239 2454 1322 2527 sipot-

311 2533 390 2599 μευα
406 2531 445 2590 lt,
460 2525 599 2597 ἑλοίμεθα
620 2526 689 2597 vulg.
764 2527 875 2585 rtodss
890 2524 963 2581 οὕτω
980 2474 1064 2597 lugd
1080 2474 1165 2579 stul
1183 2541 1235 2596 pr,
1254 2523 1323 2579 edre

315 2597 369 2667 ότηι
382 2600 425 2663 lt,
443 2596 508 2650 οὔτε
521 2594 604 2663 crisci
616 2595 691 2650 οὕτω
705 2598 763 2651 Por.

243 2733 307 2788 tur,
332 2723 517 2776 inconsultum
535 2722 652 2794 poterim
673 2740 729 2775 non
751 2724 843 2776 stetim
867 2724 1009 2779 eventibus
1030 2723 1232 2777 accommodari.
1274 2722 1320 2779 De

241 2796 395 2848 constantis
416 2796 490 2845 enim
512 2810 546 2845 ex
569 2794 650 2846 rebus
676 2795 777 2847 rationi
802 2796 992 2849 consentaneis
1011 2790 1043 2849 fit
1061 2795 1201 2849 iodicium.
1239 2794 1322 2849 Prae-

202 2889 209 2904 ι
241 2868 362 2917 sentium
386 2880 449 2917 vero
477 2880 567 2919 rerum
598 2871 698 2917 statum
724 2873 878 2918 constanter
902 2866 1040 2928 tolerare‚·
1065 2882 1121 2919 non
1146 2881 1251 2935 semper
1274 2872 1319 2918 est
1411 2886 1418 2897 ·

243 2934 398 2997 laudabile,
420 2934 469 2987 sed
491 2933 600 3005 quando
620 2951 676 2986 une
697 2934 774 2987 adest
797 2934 950 3007 prudentie.
990 2934 1043 2987 Ubi
1068 2942 1157 2987 sutem
1182 2935 1318 3007 contingit

283 3022 315 3059 ee
330 3022 411 3059 curse
427 3020 485 3058 csse
503 3002 647 3073 oportebat
662 3006 815 3076 negligere,
840 3015 868 3058 et
891 3021 961 3076 quse
984 3020 1040 3057 uon
1064 3002 1143 3057 decet
1168 3006 1316 3075 umplecti;

245 3078 255 3128 i
276 3076 382 3146 imsgis
404 3072 553 3145 culpandus
577 3077 662 3138 venit,
680 3076 728 3146 qui
743 3076 886 3197 1prioribus
913 3074 1082 3127 adhaerescit
1098 3082 1180 3146 etque
1199 3076 1314 3141 insistit,

244 3164 327 3218 quem
341 3148 389 3217 qui
406 3145 442 3198 ed
458 3146 511 3197 alis
528 3161 557 3197 se
574 3146 707 3199 transfert

243 3218 483 3285 intellexerintque
513 3218 624 3278 Persae,
652 3232 742 3267 amore
768 3234 817 3269 ruo
841 3215 939 3269 merito
968 3234 1018 3269 nos
1046 3216 1257 3286 complectentur
1281 3224 1313 3270 et

242 3285 467 3357 propugnabunt,
484 3302 545 3338 cum
577 3286 633 3337 sint
662 3285 774 3337 humani
798 3287 900 3355 pariter
933 3293 961 3339 et
995 3286 1174 3357 magnanimi,
1206 3288 1313 3357 quique

242 3359 419 3411 finitimorum
437 3356 539 3407 animos
562 3356 664 3425 optime
682 3356 823 3425 explorare
841 3364 956 3422 norunt,
985 3365 1013 3409 et
1031 3356 1103 3427 quod
1121 3372 1161 3407 sm
1181 3354 1235 3407 lius
1259 3362 1313 3421 est,

243 3430 318 3498 regio
335 3427 404 3479 sdco
422 3434 585 3495 opportuna,
603 3424 726 3495 adeoque
751 3426 865 3495 insignis
885 3428 1031 3489 exercitus,
1051 3442 1132 3547 pueris
1156 3374 1200 3478 illi
1218 3424 1314 3481 multis

1075 3498 1263 3549 enuntiatione
1280 3498 1314 3551 iu

769 3164 817 3199 ecc
834 3148 926 3217 itaque
943 3162 1005 3197 cum
1030 3162 1045 3199 e
1066 3145 1148 3198 nobis
1174 3146 1316 3200 audierint

294 3497 366 3549 uniis
389 3496 542 3566 opibusque
566 3496 700 3565 potiorem
724 3496 867 3561 duxerint,
888 3514 899 3548 s
920 3505 1037 3549 ontenes

242 3516 482 3619 illucescentem
501 3564 534 3617 ab
554 3567 619 3635 ipsis
637 3566 722 3619 suerit
737 3566 862 3619 admissa.
917 3584 930 3618 e
949 3565 1014 3637 quid
1031 3568 1113 3635 igitur
1131 3566 1208 3619 aliud
1229 3584 1310 3637 prse-

241 3644 286 3691 ter
303 3634 370 3689 issec
386 3637 519 3707 cogitetis,
536 3634 585 3687 sed
600 3635 689 3687 rtatim
708 3653 765 3689 rem
779 3638 865 3708 ipsam
880 3635 1066 3707 aggredimini,
1085 3646 1113 3689 et
1129 3637 1205 3708 quod
1222 3633 1313 3691 animo

242 3707 363 3776 sgitrstis
381 3706 507 3778 detegite.
540 3706 582 3758 Ite
600 3706 674 3759 enim
697 3715 725 3759 et
742 3726 773 3759 su
827 3725 870 3759 um
888 3706 997 3759 laudem
1010 3708 1214 3777 consequemini
1225 3724 1314 3779 seque

243 3778 369 3849 iusteque
385 3778 529 3841 iacientes,
547 3785 576 3828 et
592 3774 627 3828 οδ
645 3784 762 3829 vestrum
779 3794 807 3829 re
853 3776 1054 3849 utilitatemque
1069 3778 1242 3847 pertinentis.

317 3850 369 3901 rr.³
391 3848 464 3902 Rrec
494 3864 555 3900 cum
592 3846 707 3899 dixisset
736 3846 849 3913 Aeetes,
889 3848 1015 3899 universa
1046 3849 1139 3901 stetim
1165 3846 1316 3903 multitudo

243 3919 378 3974 concitate
394 3928 450 3982 est,
464 3927 493 3972 et
507 3917 675 3979 reclamavit,
700 3932 789 3987 eoque
804 3916 864 3987 ipro
884 3916 929 3971 die
947 3916 982 3971 sd
998 3918 1089 4000 Persas
1108 3916 1221 3970 transire
1239 3917 1316 3972 desi-

243 3986 375 4072 derabat,
396 4006 458 4041 cum
481 4006 532 4041 nec
556 3987 598 4038 illi
615 3988 743 4040 certiores
760 3995 852 4041 essent
869 3988 952 4051 sacti,
970 4004 1061 4073 neque
1077 3987 1187 4115 sppiite
1204 4002 1321 4059 compu-

244 4066 308 4124 sau,
323 4068 355 4115 ut
372 4059 417 4117 sel
431 4058 519 4115 lutere
535 4061 672 4116 Romanos·
682 4054 728 4123 sel
744 4072 791 4114 eos
807 4056 977 4134 propulsare,
1001 4074 1025 4115 ιι
1040 4073 1091 4133 pro
1142 4066 1236 4129 erent,
1252 4074 1322 4134 pos-
