2900 4792
439 223 684 290 u.··vumttt11
704 225 906 292 Erls'totn.
1096 227 1204 291 xxvtt

118 379 269 442 venturi
319 378 526 462 Quantopere
548 397 625 440 sero
652 397 705 442 eos
729 376 954 441 contaminarit
971 385 1066 462 atque
1081 379 1206 464 pollue·

121 477 171 539 rit
188 497 293 540 crassa
308 477 542 540 nonnullorum
557 478 766 562 interpretum
784 478 923 557 inscitia,
940 499 1035 541 neruo
1047 488 1097 542 est
1108 479 1205 542 etism

120 575 211 636 inira
230 575 482 638 mediocritatem
498 571 610 638 doctus
633 575 689 660 qui
710 578 852 648 neseiat;
880 576 1031 660 sensique
1048 575 1115 662 ipse
1129 599 1205 639 oum

123 673 160 735 in
187 673 262 736 aliis
279 675 389 738 multis
410 675 618 754 authoribus,
641 685 722 738 tum
741 697 820 753 vero
842 675 1016 762 praecipue
1036 675 1070 736 in
1087 675 1205 760 cyrilli

123 773 344 842 Alexandrini
367 774 555 852 Thesauro,
584 783 618 837 et
635 771 756 836 divinis
773 773 838 836 illis
857 774 897 837 de
921 773 1079 837 Trinitots
1098 773 1203 847 libris,

124 877 163 938 in
187 873 306 958 quibos
332 871 507 952 nibilliere
536 881 674 955 agnosco
694 872 808 958 Gyrini
832 884 959 958 praeter
976 872 1099 935 nudum
1115 872 1205 936 illius

126 995 260 1038 nomen.
312 973 404 1034 Hauc
420 971 528 1056 itaque
547 973 713 1056 Spartam,
741 981 778 1033 ut
794 973 837 1034 ita
856 972 979 1051 diuum,
1003 970 1203 1056 linguarium,

126 1075 190 1137 boe
214 1081 264 1136 est
285 1071 517 1155 interpretandi
531 1073 671 1134 Graecos
694 1071 843 1135 authores
865 1072 951 1135 etin
969 1071 1115 1134 latinam
1138 1070 1203 1132 lin·

126 1194 223 1256 guam
241 1168 450 1233 convertendi
467 1168 643 1246 rationem,
670 1170 774 1234 veluti
791 1171 886 1255 genio
903 1179 1098 1254 naturaeque
1115 1191 1204 1232 meas

125 1267 425 1334 convenientiorem
447 1269 546 1331 semel
566 1269 741 1354 amplexus,
763 1268 838 1330 dedi
859 1289 986 1352 operam
999 1268 1153 1330 bsetsnus
1167 1277 1206 1347 ut

126 1389 184 1452 pro
201 1365 290 1429 virili
303 1387 465 1439 ornarem;
488 1367 660 1450 etquidem
679 1388 744 1430 non
759 1387 861 1452 panos
876 1377 1019 1430 veterum
1033 1366 1206 1430 authorum

126 1463 336 1548 Theologiea,
356 1465 593 1550 Philosophioa,
614 1465 771 1529 Historiae
783 1465 977 1550 Poetioaque
997 1463 1116 1549 scripta
1133 1484 1205 1550 par·

126 1566 183 1629 tim
198 1572 293 1626 antea
310 1585 374 1626 nou
398 1564 484 1628 edita
499 1566 613 1628 Latine
628 1565 733 1644 serti,
754 1565 868 1650 partim
884 1565 968 1629 editu
983 1565 1127 1650 quidem,
1147 1563 1206 1628 sed

125 1663 170 1726 its
199 1671 236 1724 ut
262 1657 440 1736 ἀνεκδότοις
463 1663 621 1745 ἐναλίγκια
645 1663 759 1726 merito
785 1665 910 1728 censeri
936 1675 1081 1749 possent,
1119 1683 1206 1726 nora

128 1761 396 1846 interpretatione
413 1761 550 1842 donari,
585 1781 649 1823 nnn
666 1761 784 1844 exiguo
804 1763 852 1823 uti
870 1783 965 1846 spero
981 1765 1031 1826 rei
1046 1761 1206 1825 liternino

126 1861 225 1928 bono.
247 1861 390 1924 Tametsi
409 1881 448 1922 ex
470 1859 510 1924 iis
529 1860 705 1944 quaedam,
727 1862 918 1946 nescioquo
937 1861 1023 1923 malo
1039 1861 1124 1939 isto,
1142 1881 1207 1921 ma·

128 1968 382 2044 gnoeertemeo
398 1958 618 2038 cumdolore,
641 1980 746 2044 neque
763 1961 889 2024 minore
909 1981 983 2022 oum
1001 1957 1207 2024 incommodo

127 2059 278 2144 publico,
308 2079 495 2142 summoque
515 2059 690 2124 multorum
708 2060 963 2124 doctissimorum
982 2059 1124 2122 virorum
1146 2057 1207 2121 ds·

129 2156 259 2234 siderio,
280 2165 364 2220 totos
383 2159 444 2220 iam
465 2156 649 2240 quindecim
667 2179 769 2222 annos
781 2157 865 2242 apud
883 2157 1132 2243 Typogrupbum
1150 2157 1206 2220 eui

128 2278 164 2321 sa
185 2255 378 2320 excudenda
402 2257 550 2320 dederam
567 2257 708 2320 bserent.
755 2259 850 2320 Nune
874 2277 952 2319 rero
967 2256 1134 2341 Agatbism
1153 2255 1207 2316 bi·

127 2356 281 2420 storicum
297 2355 452 2440 optimum
471 2355 528 2441 qni
546 2354 715 2419 Iustiniani
736 2353 936 2440 Imperatoris
954 2375 1006 2416 res
1025 2359 1209 2438 gestsspost

128 2455 325 2540 Procopium
346 2457 582 2519 Caesariensem
606 2463 653 2518 est
675 2464 905 2540 persequutus,
933 2456 1055 2517 Graece
1071 2451 1208 2516 antehc

127 2575 295 2640 nunquam
314 2554 398 2640 typis
412 2554 544 2633 editum,
563 2553 716 2618 inlunem
735 2554 863 2636 emitt03
875 2552 1054 2638 Apstbism,
1065 2552 1208 2635 inquam,

126 2657 235 2718 virumn
256 2675 331 2718 suae
354 2653 462 2716 aetatis
481 2653 714 2732 doctissimum,
742 2654 865 2738 quique
887 2673 971 2716 uuus
992 2651 1081 2714 illam
1098 2647 1212 2731 διζυγα

128 2749 267 2838 obrutos,
286 2752 350 2814 boo
361 2762 410 2825 est
420 2753 571 2816 Poetioen
587 2773 660 2815 eum
671 2753 830 2831 Oratorin,
844 2751 888 2812 ita
905 2751 1086 2830 ooniunait,
1099 2759 1139 2814 ut
1152 2749 1211 2812 du·

128 2851 218 2915 bium
236 2851 280 2915 sit
297 2851 330 2912 in
345 2859 417 2914 utra
435 2853 533 2936 magis
547 2851 753 2922 excelluerit3
769 2851 803 2911 in
815 2860 951 2935 utraque
969 2858 1057 2913 nerto
1069 2869 1135 2911 non
1145 2847 1212 2911 ds·

129 2949 212 3012 bians
230 2949 273 3014 de
293 2949 443 3013 omnibus
460 2949 510 3012 sui
526 2950 595 3013 assi
614 2947 823 3034 scriptoribus
842 2948 1009 3012 victoriam
1025 2945 1210 3032 reportarit.

130 3048 265 3113 Ennius
290 3047 432 3112 editione
444 3049 615 3133 plurimum
631 3057 664 3112 et
683 3048 842 3112 Historiae
865 3057 899 3110 et
913 3049 1056 3108 Graecae
1076 3046 1208 3128 linguae

130 3147 323 3212 inerementi
340 3145 585 3232 ornamentique
599 3158 646 3212 est
664 3167 874 3212 secessurum.
896 3147 1006 3225 Quum
1018 3144 1105 3209 enim
1124 3143 1211 3205 varia

130 3245 381 3332 gravissimeque
400 3247 486 3310 bella
504 3247 657 3310 adsersus
676 3244 938 3331 populosissimas
960 3243 1211 3327 potentissimas·

130 3369 193 3430 qus
211 3345 369 3426 nationes,
377 3347 519 3409 Francos
535 3345 670 3424 seilicet,
680 3344 827 3423 Gottbos‚
834 3342 1009 3422 Vandalus,
1018 3344 1164 3421 Hunnos,
1177 3350 1211 3404 st

130 3447 241 3508 Persas
253 3454 340 3530 gesta
350 3445 525 3516 describat3
548 3455 615 3506 tum
626 3466 702 3510 sero
717 3444 758 3507 ds
769 3450 882 3508 eorum'
895 3443 1038 3507 moribus
1051 3451 1147 3526 atque
1162 3441 1212 3503 iu·

130 3543 267 3623 stitutio,
299 3564 336 3606 ac
358 3543 530 3628 praecipue
551 3544 592 3607 de
611 3544 815 3608 Persicorum
831 3563 942 3626 regum
965 3541 1153 3626 genealogia
1173 3561 1212 3604 ao

130 3641 254 3725 politia,
274 3642 375 3706 multu
390 3643 708 3707 oommemoratseitu
726 3642 911 3726 dignissima
931 3662 1014 3726 quae
1028 3639 1112 3724 apud
1129 3637 1211 3721 alins

131 3742 300 3826 scriptores
323 3761 482 3825 nusquam
500 3743 712 3828 reperiantur.
763 3743 862 3806 Stilus
877 3742 949 3828 ipse
967 3740 1064 3824 plane
1086 3745 1135 3800 est
1154 3736 1211 3800 llo·

134 3839 224 3902 ridus
249 3847 345 3923 etque
368 3862 541 3921 amoenus,
562 3843 672 3904 multis
691 3845 923 3912 sententiarum
940 3838 1113 3902 luminibus
1136 3837 1212 3900 illu·

133 3948 257 4007 stratus.
301 3939 418 4004 Verbis
444 3962 518 4004 vero
538 3941 638 4003 utitur
659 3940 893 4020 selectissimis‚
926 3949 959 4001 et
985 3938 1212 4021 frequentare

135 4038 297 4101 communi
318 4063 378 4102 usu
401 4061 437 4102 ao
450 4039 683 4124 significatione
700 4041 830 4103 remotis
837 4065 846 4112 ;
868 4039 950 4103 adeo
961 4047 996 4101 ut
1009 4035 1124 4100 Suidas
1140 4031 1212 4097 dili·

135 4157 211 4220 genr
229 4139 474 4224 glossographus
499 4139 691 4233 potissimam
713 4139 824 4205 Lexiei
842 4139 890 4202 sni
913 4146 1033 4224 partem
1054 4155 1094 4200 ex
1115 4132 1212 4197 buius
