2900 4792
257 189 335 254 XXX
577 187 761 252 mummi
784 188 826 251 ΙΝ
851 187 1017 252 uuum

405 335 464 402 IN
496 337 811 401 AGATHIAE
847 335 1192 402 HISTORIAM

259 451 282 502 A
298 449 349 502 01.
365 449 397 500 Υ.
420 447 666 500 hommum
691 449 861 500 vumemo
874 449 1009 500 GRAECE
1021 451 1062 498 tr
1076 449 1195 498 mutu
1208 445 1342 498 EDITA!

437 533 674 588 munnulus
711 535 973 589 BASTINGIUS
1000 536 1026 588 S.
1047 536 1081 588 Τ.
1114 536 1147 590 D.

503 637 543 670 ιτ
562 635 724 672 coeusass
742 637 949 676 sasoeooscs
966 637 1100 675 nans.

259 757 367 812 snm
384 754 463 810 debet
480 754 568 808 vitam
582 765 645 827 post
652 754 723 830 sata
740 755 863 810 Mnosn

292 829 476 880 lsnursnsros
493 843 562 878 ovas
581 827 723 879 Historico
739 825 868 877 bannis.

264 897 363 950 Gloria
382 913 446 948 nam
464 897 554 948 maior
571 907 651 948 tanta
671 906 712 948 est
731 893 800 948 tibi.-
808 895 886 970 ficla
901 897 995 952 Poetis

294 971 319 1020 A
337 982 407 1020 vera
424 976 531 1038 quanto
554 967 681 1018 vincitur
700 963 836 1019 Historia.

260 1039 355 1091 Macte
372 1031 422 1089 sed
438 1053 455 1086 o
473 1035 578 1087 virtuts
598 1045 647 1088 tua
665 1031 766 1087 dilecte
785 1035 929 1088 camoenis

297 1107 352 1174 Qui
370 1105 465 1159 clarus
481 1105 585 1157 volitas
601 1102 684 1158 docta
699 1121 752 1174 per
762 1122 815 1158 ora
833 1106 927 1158 virum

259 1175 402 1236 Voconi,
419 1189 499 1248 quem
517 1191 575 1226 non
592 1175 665 1226 ullos
680 1174 796 1228 subiisse
813 1174 922 1227 labores

296 1242 427 1306 Taeduit‚
453 1256 594 1298 aeternum
617 1255 648 1297 ut
673 1245 786 1297 viveret
809 1245 951 1296 Aosmsss.

260 1315 394 1368 Avernus
412 1314 541 1384 inquom,
561 1313 657 1365 Graiis
677 1325 709 1364 ut
725 1316 853 1383 cognitus
871 1313 938 1364 olim

294 1383 375 1437 Nune
393 1384 489 1436 Graiis
505 1384 613 1452 pariter
630 1385 759 1454 cognitus
774 1395 804 1436 et
818 1384 917 1436 Latiis.

261 1453 309 1508 Sic
326 1450 465 1526 quondam
484 1451 518 1507 ds
535 1465 561 1504 te
578 1465 619 1504 est
635 1455 749 1506 neritus
765 1450 920 1506 doctissime
936 1452 1039 1506 liberor

168 1517 172 1532 '
295 1523 487 1594 Romanaeque
504 1519 585 1576 decus
602 1521 783 1591 Quint-susm
799 1535 880 1593 togae
889 1557 898 1583 ,

263 1592 392 1645 Poaosas:
409 1590 482 1644 bunc
497 1607 657 1664 quanquam
675 1608 789 1658 mperes
805 1591 857 1644 boc
875 1591 1001 1652 nomine,
1019 1592 1097 1644 cultu

299 1657 380 1729 Quod
399 1673 493 1730 perte
509 1663 616 1732 gemino
634 1659 782 1732 splendeat
793 1661 934 1715 bassaus.

261 1731 279 1786 l
296 1747 371 1784 nunc
390 1729 474 1783 Mons
493 1747 590 1801 crepa,
610 1741 638 1782 et
652 1732 723 1786 snale
741 1747 856 1803 carpere
874 1728 968 1786 desim
984 1732 1076 1802 quite
1092 1744 1134 1786 sst
1206 1739 1210 1745 '

296 1799 424 1853 Postibus
443 1801 596 1854 innumeris
611 1798 722 1854 doctior
738 1813 766 1854 et
782 1802 889 1853 melior.

266 1871 318 1923 l'os
333 1881 425 1924 autem
443 1869 574 1922 Procnes
591 1871 691 1938 quibus
706 1872 776 1924 lsaee
794 1883 970 1938 monuissem
987 1869 1129 1934 dicantur,

299 1941 334 1994 Ut
349 1950 443 1994 vestro
459 1951 591 1992 maneant
607 1950 667 1994 tuta
691 1941 741 1993 sub
759 1942 795 1992 im
829 1943 885 2002 rio,

262 2009 343 2062 Hune
359 2007 499 2062 redamate
518 2011 630 2072 virum,
655 2022 741 2083 tuque
760 2029 777 2064 ο
815 2026 923 2061 mesu
940 2008 1030 2078 gaude

297 2075 450 2134 Lucenses
469 2089 496 2134 te
515 2079 647 2132 turnus
664 2078 742 2149 quod
756 2077 904 2134 redivivus
922 2081 1012 2135 babet.

561 2301 809 2354 Mutuus
845 2302 1029 2360 G.F.P.N.·

699 2406 895 2442 ΙΙΗΗΑ.

262 2491 337 2562 Qun>
355 2489 400 2546 bie
419 2505 513 2544 recens
527 2489 671 2559 scriptoris
691 2491 750 2540 orei
766 2491 905 2542 consitor?

260 2561 356 2614 Proles
371 2561 451 2614 cluor
468 2559 579 2629 agathi.
616 2558 720 2610 Omissis
738 2575 838 2612 nomen
853 2559 921 2611 bassi

262 2627 399 2684 Adnosco.
431 2629 501 2680 Nasu
519 2633 569 2698 qul
586 2625 666 2681 audit
683 2628 786 2690 bonus,
804 2630 910 2698 plerum
927 2629 1069 2693 boseus'st,

262 2700 369 2768 Quique
388 2717 407 2750 a
424 2697 495 2750 bosso
513 2709 614 2758 natus,
626 2699 719 2751 bonus
738 2697 786 2749 ille
805 2698 971 2767 plurumum.

296 2770 381 2821 Lares
397 2767 466 2820 mibi
482 2768 613 2834 Smyrnae
624 2768 739 2837 paterni
747 2803 755 2829 ,
774 2785 846 2838 quus
863 2785 943 2821 susem

263 2837 357 2891 Civem
374 2854 430 2890 esse
446 2839 604 2898 Homerum,
619 2838 773 2908 principem
789 2849 885 2890 vanem
903 2843 1039 2906 omniun!

260 2909 392 2978 Princeps
406 2908 539 2977 probavit
557 2905 623 2958 olim
640 2918 669 2960 et
684 2919 750 2959 anto
767 2922 902 2973 caeteras,

262 2979 339 3044 Quae
356 2979 501 3030 iniverunt
517 2988 670 3036 certamen,
690 2978 769 3029 urbis
785 2979 929 3032 Graecias.

260 3049 329 3104 Fere
348 3059 405 3110 est,
424 3061 455 3100 ut
471 3044 560 3101 adsim
579 3041 614 3098 ab
632 3045 741 3118 inseras
758 3049 823 3118 ripa
840 3049 950 3118 Stygis.

296 3121 373 3187 Quae
391 3119 486 3172 Morta
504 3130 530 3171 te
547 3117 647 3188 pressit
653 3117 776 3188 flevistis
794 3119 905 3172 circites

259 3189 340 3243 Mitte
355 3189 524 3260 ampliusque
541 3186 707 3240 obliviosis?
722 3189 843 3256 ploxeno

261 3261 339 3325 Quae
357 3259 426 3311 Fors
442 3260 559 3318 silente,
577 3255 655 3310 docte
665 3260 783 3329 soenes,
803 3269 829 3310 te
850 3258 965 3314 obtuit?

260 3325 434 3382 incommodo
453 3329 581 3399 maloque
597 3344 725 3380 masumo
744 3330 882 3392 omnisvn,

261 3395 349 3452 Cordi
364 3397 464 3468 quibus
479 3415 617 3458 curaeque
633 3410 709 3468 gesta
728 3415 800 3468 quae
817 3410 903 3451 retro.

296 3468 459 3520 Inmunisas
481 3465 641 3520 Gocsborun
659 3479 686 3522 et
702 3462 865 3521 Hunnorum
875 3470 946 3541 sera

257 3535 325 3594 Med
343 3537 491 3592 aeviterno
506 3537 683 3610 mancipatus
698 3540 826 3605 earceri3

260 3609 310 3669 vs,
333 3604 474 3679 quidquid
489 3627 506 3662 a
515 3608 593 3682 satis
612 3608 681 3662 mibi
697 3610 775 3662 vitas
794 3626 825 3661 su
845 3626 891 3673 er,

256 3677 411 3748 inglorium
428 3690 596 3748 essetisque
613 3679 709 3762 squole
726 3677 803 3732 sordi
825 3697 879 3732 um·

291 3751 327 3800 As
344 3745 416 3800 uestit
434 3760 542 3801 tantum
555 3749 727 3803 saevitatis?
743 3749 893 3808 luctuum,

259 3817 362 3886 Quibus
381 3833 432 3871 ssec
451 3835 572 3892 unquam
580 3817 656 3891 finis
675 3831 745 3872 esset
763 3835 813 3872 nec
829 3817 945 3882 modus,

258 3889 376 3940 Causam
384 3905 434 3942 -sne
452 3890 492 3942 eis
508 3891 694 3942 certissumum
711 3901 838 3941 mouerat
846 3889 916 3959 sore

255 3957 359 4028 Ecsata
377 3969 482 4022 vetum,
501 3975 568 4029 quos
585 3956 717 4023 adimat,
739 3956 835 4013 dictio,

255 4027 380 4080 lmmerss'
395 4031 467 4081 euim
485 4027 596 4083 crudele
612 4046 766 4088 moerorum
785 4045 877 4090 mare,

257 4097 296 4150 tu
314 4099 438 4162 conscii,
458 4114 530 4169 quae
548 4115 606 4152 non
620 4099 703 4156 semel
717 4101 809 4168 passi,
834 4100 945 4170 iugum
