2900 4792
123 257 127 261 ‚
235 155 314 262 1¹⁶
459 183 466 196 ·
581 185 590 200 ’
674 175 883 243 solenus

92 342 158 396 lue
171 313 380 418 55looiuasis,
413 331 476 399 εἴτε
498 335 582 409 κόνις
597 323 634 418 ἦν
650 329 687 396 τό
704 331 933 420 κρυπτόμενον,
960 325 1005 403 ὥς
1027 323 1065 403 δὴ
1083 324 1209 392 ἐκείνων
1228 325 1308 391 κατά

118 413 283 499 ιἰ”δτόν
298 437 374 520 παρ’
397 429 524 517 Ἕλλησι
544 429 638 513 νόμον
659 432 942 517 τιυρποληθέντιον,
989 425 1136 510 οόδαμοός
1159 416 1254 506 ὅμοιά
1273 445 1309 509 γα

225 533 324 598 ταῦτα
339 539 403 609 τοῖς
422 533 479 597 νῦν
499 533 688 614 γιγνομένοις
702 528 876 612 ἐτύγχανον
892 517 990 592 ὄντα·

233 649 237 654 ’
308 626 367 695 κδ’.
400 621 535 698 Οὔκουν
556 627 723 712 ἐκεῖνοίγε
749 617 813 690 ὦδε
837 617 1022 712 ἐγίγνωσκον
1029 675 1039 706 ,
1071 613 1145 688 orire
1163 623 1239 706 περί
1251 617 1311 698 τάς

224 729 350 818 ταφάς,
382 728 534 810 οὐμενοῦν
561 721 630 791 άλλ’
656 726 731 791 οόόδ
760 728 793 801 ἐς
815 724 873 812 τὴν
904 728 961 808 τῆς
987 722 1080 807 εόνῆς
1111 717 1330 808 παραιομίανὸ

226 823 320 894 inuio
337 827 366 894 oi
386 830 443 894 νῦν
460 820 754 908 άκολαστσίνουσιν,
776 817 812 889 οὗ
822 820 919 907 μόνον
935 817 1088 912 άδελφαϊς
1099 845 1133 886 τε
1149 821 1205 886 καί
1217 819 1310 885 άδελ-

227 930 338 1015 φιδαῖς
356 920 470 1010 άνίδην
486 925 690 1009 μιγνύμενοι,
720 920 800 988 άλλά
824 924 957 1008 πατέρες
978 944 1013 988 τε
1031 918 1226 1006 θυγατράσι,
1254 919 1312 983 καί

226 1024 262 1092 τό
287 1023 326 1110 δη
346 1023 469 1090 πάντων
489 1019 712 1110 άνοσαότερον,
737 1015 870 1104 ιδυόμοι
889 1044 923 1106 γε
943 1023 999 1085 καί
1015 1017 1129 1106 φάσις]
1153 1017 1220 1084 υἱοί
1240 1023 1311 1093 ταῖς

204 1158 207 1163 ·
230 1124 403 1199 τεκούσαις.
433 1117 488 1188 ότι
498 1119 560 1209 γάρ
577 1121 687 1196 αὐτοῖς
709 1119 766 1185 καί
786 1123 879 1185 τοῦτο
896 1115 1167 1204 κεκαινοτόμηται,
1188 1117 1311 1182 lusto

153 1215 270 1297 Ναόν
286 1247 335 1298 τις
352 1225 538 1309 σαφέστατα
559 1219 709 1305 διαγνοίη.
742 1222 862 1303 λέγεται
878 1221 1033 1305 γάρ’ποτε
1056 1217 1233 1304 Σεμίραμιν
1251 1209 1353 1297 silvio

227 1322 312 1388 πάνυ
326 1317 384 1406 τὴν
405 1315 579 1406 Ἀσσυρίαν
590 1321 636 1394 είς
650 1321 743 1384 rotro
756 1313 910 1404 άκραοίας
920 1317 1054 1403 ἧγμίνην
1062 1367 1072 1399 ,
1093 1313 1137 1392 τός
1151 1310 1254 1403 Νινόρ
1266 1313 1314 1398 sq'i

228 1421 322 1487 παιδί
336 1421 485 1502 ἐθελῆσαι
500 1422 658 1497 ξυνελθεῖν
678 1419 712 1494 ἐς
729 1416 843 1500 ταότό,
877 1418 935 1482 καί
953 1409 1014 1502 ἤδη
1031 1417 1142 1502 πειρᾷν
1160 1411 1215 1478 τόν
1238 1435 1312 1477 νεα-

227 1517 308 1584 νίαν.
335 1513 392 1582 τόν
414 1517 449 1580 δὲ
469 1510 691 1601 ἀπανήνασθαι
722 1513 779 1579 καί
801 1517 995 1599 χαλεπῆναι,
1034 1514 1089 1578 καί
1109 1513 1311 1592 τελευτῶντα,

229 1611 337 1700 ἐπειδη
363 1609 462 1699 αότὴν
484 1608 568 1700 ἓοόρα
588 1610 815 1701 σφαδάζουσαν
837 1611 894 1678 καί
910 1613 1103 1698 δγκειμένην,
1133 1605 1317 1697 άιιοκτεῖναί

227 1738 263 1778 τε
281 1711 339 1797 τὴν
357 1715 498 1800 μητέρα,
527 1711 582 1777 καί
600 1711 669 1777 τόδε
689 1709 726 1776 τό
749 1703 823 1796 άγος
849 1711 917 1777 ἄντ’
935 1713 1052 1776 ἐκείνου
1077 1707 1354 1778 turnasset-15

227 1834 275 1876 τοι
288 1812 318 1876 εἰ
333 1809 418 1900 νόμην
430 1815 531 1877 ταῦτα
546 1813 661 1898 ἐφεῖτο,
682 1805 741 1875 οόκ
753 1806 803 1892 δν,
812 1805 911 1892 οἶμαι,
925 1807 943 1874 ό
955 1807 1078 1886 Νινόας
1092 1812 1125 1884 ἐς
1137 1807 1211 1874 τόδε
1223 1807 1309 1890 οόμό-

228 1932 321 1995 τητος
336 1903 392 1998 ᾔει.
414 1909 470 1989 καί
479 1910 517 1975 τί
526 1913 578 1974 δεῖ
588 1906 629 1975 τά
645 1907 717 1974 λίαν
733 1912 909 1974 παλαίτατα
927 1909 1044 1992 λέγεινς
1064 1902 1154 1996 δλαγῳ
1171 1904 1240 1992 γάρ·
1252 1905 1310 1989 ἔμ-
1346 1963 1356 1990 ,

227 2013 370 2094 σροσθεν
383 2011 446 2075 τάν
461 2010 687 2073 Μακεδονικῶν
714 2007 770 2072 καί
786 2011 842 2093 τῆς
861 2009 924 2072 ταῖν
941 2007 1079 2091 Περσοόν
1100 2005 1309 2088 καταλύσεως,

166 2165 170 2175 .
226 2099 440 2194 Ἀρταξέρξην
458 2105 540 2192 φασί
553 2103 609 2171 τόν
618 2107 778 2191 Δαρείου,
799 2103 1026 2192 Παρυσάτιδος
1042 2108 1097 2189 τῆς
1111 2099 1229 2190 μητρός
1246 2127 1309 2167 πα-

202 2202 391 2291 Βραπλῆσια
407 2209 447 2292 τῇ
467 2203 658 2290 Σεμιράμιδι
678 2203 859 2290 παθυόσης,
888 2203 944 2270 καί
962 2206 1164 2288 ξυγγενέσθαι
1178 2199 1206 2267 oi
1222 2199 1357 2284 isui-20

228 2323 284 2391 Ινης
290 2356 301 2389 ,
323 2299 504 2370 άποκτεῖναι
515 2307 575 2388 μὲν
589 2301 690 2389 αὐτὴν
705 2299 818 2389 ἥκιστα
825 2353 836 2386 ,
857 2306 993 2369 δκκλῖναι
1011 2305 1047 2368 δὲ
1059 2297 1145 2385 δ’μοος
1159 2298 1216 2380 ξδν
1231 2299 1309 2391 όργῇ

297 2468 321 2534 4.
342 2461 421 2533 Vulg.
439 2461 553 2516 οιλκοόν.
566 2489 603 2500 -
619 2461 768 2524 Utrumque
783 2477 943 2531 emugorum
958 2459 1078 2513 moribus
1096 2459 1227 2522 invaluit,
1244 2459 1308 2514 Pur·

298 2533 370 2595 this,
386 2541 472 2602 puto,
489 2526 826 2584 dominantibuss'lierod.
843 2533 864 2584 1.
887 2532 942 2598 rio.
960 2531 1059 2587 Cetull.
1095 2533 1120 2586 5.
1137 2530 1170 2584 ἐν
1186 2517 1308 2604 sinsin)

296 2605 327 2654 R.
436 2605 477 2660 15.
495 2603 606 2655 ἐκείνου
629 2602 678 2663 il„
700 2599 784 2671 idque
801 2603 872 2654 eoui.
891 2603 919 2653 B.
939 2601 1094 2666 Vulcanius,
1111 2601 1219 2668 ἐκείνης
1233 2602 1305 2672 vulg.

297 2672 382 2740 lntpr.
404 2685 519 2740 patrare
544 2669 578 2723 id
595 2671 745 2733 moluisse,
783 2689 847 2726 ααιιι
863 2673 954 2725 scelus
971 2673 1144 2728 committere.
1258 2689 1297 2744 ¹9·

296 2741 417 2815 μητέρος
434 2741 496 2797 edd.
551 2759 593 2796 οο.
607 2739 742 2806 παθοόση
762 2692 791 2795 θ.
880 2743 1028 2814 δευομένοις
1044 2745 1073 2796 λι

230 2880 326 2957 utpote
350 2885 407 2939 illis
427 2885 591 2939 Graecanico
606 2885 661 2937 ritu
682 2886 820 2952 crematis,
845 2887 1007 2958 neutiquam
1029 2893 1102 2942 uerte
1116 2889 1220 2944 similis
1239 2887 1310 2948 haec

231 2959 286 3021 eis,
302 2973 373 3029 quae
389 2974 463 3009 nunc
475 2957 558 3021 liunt,
577 2955 695 3009 fuerunt

301 3027 344 3094 ui.
380 3027 559 3100 Nequaquam
581 3029 674 3096 itaque
689 3025 731 3078 illi
749 3023 801 3078 hoe
818 3033 897 3096 puoto
914 3034 1070 3094 senserunt,
1096 3043 1133 3082 ue
1172 3043 1187 3082 e
1204 3031 1259 3093 its,
1275 3036 1310 3085 ut

232 3099 280 3168 qui
299 3115 375 3150 nune
391 3100 505 3161 vivunt,
520 3106 549 3149 et
567 3097 722 3166 sepulturae
741 3104 770 3149 et
785 3093 858 3149 thori
877 3100 935 3148 iure
951 3115 1000 3168 pro
1019 3115 1068 3151 sun
1084 3099 1136 3152 libi
1156 3101 1203 3153 irre
1219 3099 1309 3152 viola-

198 3200 200 3207 ·
231 3176 311 3232 runt,
330 3185 386 3220 non
406 3168 493 3219 solum
510 3183 571 3218 eum
588 3165 726 3219 sororibus
746 3173 774 3218 et
796 3165 925 3236 neptibus
942 3185 999 3221 rem
1016 3165 1166 3235 habentes,
1191 3169 1239 3221 sed
1255 3185 1309 3238 ps-

230 3243 285 3290 tres
304 3255 365 3289 cum
384 3237 506 3300 filiabus,
534 3244 562 3288 et
579 3237 653 3310 quod
671 3238 792 3290 omnium
810 3244 852 3288 est
878 3237 1127 3304 seelerntissimum‚
1145 3257 1161 3292 o
1180 3239 1271 3308 leges,
1290 3257 1309 3293 ο

231 3307 342 3360 nutura!
369 3307 420 3358 filii
445 3323 506 3358 cum
525 3308 581 3359 suis
601 3307 742 3360 matribus.
786 3305 873 3358 Huius
892 3309 963 3359 euim
985 3309 1080 3378 flagitii
1097 3323 1196 3362 novum
1213 3309 1248 3360 nb
1266 3309 1309 3363 eis

230 3379 386 3447 exemplum
406 3383 537 3429 statutum
555 3377 648 3441 fuisse,
666 3375 887 3430 manifestissime
904 3375 970 3429 hinc
985 3378 1069 3430 cuivis
1086 3379 1193 3451 liquere
1205 3387 1308 3450 potest.

196 3457 202 3476 ¹
230 3445 328 3499 Fertur
348 3463 465 3517 numque
483 3462 604 3516 magnam
630 3447 705 3498 illam
730 3446 898 3498 Semiramim
918 3445 1052 3516 Assyrium
1078 3463 1111 3502 eo
1128 3449 1307 3503 incontinen-

231 3517 287 3568 tiae
306 3519 429 3579 venisse,
454 3522 487 3568 ut
503 3533 563 3566 cum
589 3518 713 3568 filiosuo
732 3515 819 3582 Ninye
838 3517 964 3588 congredi
981 3519 1112 3584 soluerit,
1137 3529 1219 3592 utque
1236 3519 1306 3574 adeo

232 3585 358 3640 iuvenem
378 3587 553 3652 sollicitasse3
578 3587 657 3637 illum
676 3602 741 3639 sero
760 3602 895 3639 recusasse
911 3587 1079 3660 molesteque
1104 3590 1217 3659 tulisse3
1243 3597 1308 3644 sru-

232 3656 294 3709 dem
314 3673 379 3710 vero
398 3674 458 3708 eum
484 3665 596 3708 matrem
630 3654 756 3708 libidinis
786 3657 971 3726 impatientem
995 3667 1190 3734 urgentemque
1211 3676 1308 3714 cerne-

231 3733 283 3789 ret,
303 3743 363 3779 eam
380 3727 556 3788 interfecisse,
576 3734 604 3778 et
631 3723 684 3778 hoc
699 3727 791 3796 posius
810 3744 890 3798 quum
908 3729 1022 3781 ultorum
1042 3729 1112 3783 illud
1136 3732 1223 3785 scelus
1243 3747 1309 3801 per·

231 3804 340 3867 petrsre
359 3798 493 3850 maluisse.
529 3795 613 3869 Atqui
631 3797 655 3848 si
671 3797 731 3918 leqe
749 3794 817 3848 haec
837 3799 966 3867 permissu
984 3799 1108 3864 luissent,
1125 3811 1308 3873 nequaquem,

231 3866 274 3918 uti
289 3867 419 3930 arbitror,
447 3867 548 3933 Ninyus
566 3881 599 3919 eo
617 3865 699 3919 crude
712 3867 787 3919 italis
804 3868 930 3923 venisset.
967 3869 1021 3922 Sed
1059 3869 1108 3922 uid
1124 3873 1223 3928 attinet
1238 3869 1308 3924 lmen

232 3953 362 4007 perquam
380 3943 486 3990 vetusto
504 3935 730 3991 commemorare?
755 3937 837 3989 Paulo
860 3939 933 3991 enim
951 3948 1015 4010 post
1062 3939 1209 3994 unedonies
1234 3949 1306 3995 tem·

231 4023 299 4076 pora
323 4014 351 4059 et
369 4007 504 4059 Persarum
523 4008 691 4061 eversionem
728 4009 806 4058 siunt
824 4007 1006 4074 Artaxerxem,
1024 4009 1102 4063 Darii
1119 4011 1233 4074 filium„
1248 4025 1309 4062 me·

232 4085 302 4131 trem
327 4077 611 4154 sunml’srysstirlem,
634 4095 697 4132 eum
713 4075 813 4144 eidem,
836 4095 890 4149 quo
909 4079 1075 4148 Semiramis,
1087 4079 1162 4137 mlo
1179 4079 1307 4147 obnoxie,
