2900 4792
250 200 333 309 298
686 222 899 289 tumltu

101 396 131 448 λ.
146 392 177 447 c.
194 384 314 465 soetq,
344 378 464 466 λό’ξασα
486 384 546 461 μὲν
573 380 608 455 ές
629 376 665 443 ri
684 382 834 456 παντελές
855 372 928 443 οὔδ’
943 376 1140 462 immota,
1168 380 1203 459 έξ
1225 370 1264 444 οδ
1284 380 1331 465 δὴ

144 466 445 566 ¹·1321r2v139231v,
466 478 550 565 φημὶ
569 477 608 563 δη
626 474 706 541 κατά
725 476 762 542 τό
782 481 921 561 πέμπτον
941 476 1010 555 ἔτος
1032 482 1088 563 τῆς
1106 480 1337 545 ’δουστινιανοῦ

247 578 426 664 βασιλείας,
457 582 493 651 e’r
510 580 547 667 τῇ
563 582 638 643 καθ’
651 577 735 663 ἡμᾶς
753 578 940 663 εἰσήρρησεν
957 579 1133 667 οἰκουμένῃ.
1161 582 1333 661 μεταβᾶσα

177 694 181 705 ’
248 680 284 743 δὲ
302 678 449 753 πολλάκις
471 674 588 759 μεταξδ
614 668 725 741 ἀλλοτε
748 669 882 759 ἄλλοθι,
915 675 971 742 κατ’
985 677 1079 743 νότον
1094 680 1130 743 ἐκ
1151 673 1247 743 τόπου
1271 682 1335 740 λυ-

214 782 427 861 υμηναμένη,
450 779 506 841 κατ’
532 775 631 867 ταύτῃ
653 784 719 854 τοῖς
740 778 936 859 λειπομένοις
957 772 1124 861 ἀνακωχῆς
1136 800 1219 853 τινος
1232 786 1361 857 pau-5

249 876 359 957 δοῦσα,
378 874 451 939 τότε
475 874 513 959 δη
529 868 585 941 cdv
599 876 693 943 πάλιν
715 878 750 951 ἐς
768 873 806 940 τό
821 873 1001 955 Βυζάντιον
1016 878 1184 961 ἐπανῆκεν,
1213 870 1332 961 ὅσπερ,

251 968 357 1056 οἶμαι,
392 970 428 1038 τὸ
457 975 608 1059 πρότερον
645 975 859 1061 έξηπατημένη
871 1026 882 1056 ,
920 972 976 1039 καὶ
995 977 1109 1039 θάττον
1139 971 1240 1057 δήπου
1270 975 1335 1038 τοῦ

251 1072 375 1147 δέοντος
394 1074 522 1139 ἐνθένδε
540 1069 763 1157 ἀπαλλαγεῖσα.
793 1071 948 1157 ἔθνησκον
971 1075 1142 1158 τοιγαροῦν
1157 1074 1267 1137 πολλοὶ
1279 1074 1339 1151 d}-

251 1170 405 1247 απιναελος
423 1172 566 1259 καθάπερ
593 1172 768 1262 ἀποπληξάρ
789 1172 907 1261 ἰσχυρᾷ
923 1172 1053 1255 κάτοχοι
1068 1173 1274 1258 γεγενημένοι·
1299 1167 1338 1235 οἱ

251 1272 288 1337 δέ
307 1294 341 1355 γε
364 1277 505 1336 πλεῖστον
535 1274 735 1359 διαρκοῦυτες
762 1270 853 1355 μόλις
874 1280 1044 1353 πεμπταῖοι
1080 1265 1274 1336 ἀπώλλυντο.
1308 1270 1386 1354 viro

250 1372 286 1433 δὲ
300 1370 354 1455 τῆς
365 1367 456 1435 νόσου
477 1370 546 1437 ἰδέα
562 1375 769 1459 παραπλησία
786 1374 826 1458 τῇ
843 1374 1041 1459 πρεσβυτέρᾳ
1056 1368 1224 1453 έτάγχανεν
1242 1362 1339 1434 odon.

250 1471 383 1555 πυρετοὶ
405 1468 465 1556 γάρ
490 1469 545 1536 ἐπὶ
564 1472 724 1553 βουβεόσιν
741 1466 913 1555 ἀνήπτοντο
940 1478 1083 1552 συνεχεῖς
1100 1468 1156 1534 καὶ
1178 1470 1237 1533 οάκ
1254 1466 1341 1555 ἐφάγ-

250 1588 343 1652 μεροι
353 1616 363 1648 ,
391 1561 467 1633 οὐδὲ
481 1570 616 1654 μετρίως
634 1572 713 1651 γοῦν
727 1568 966 1651 ἀποχαλιόντις,
993 1567 1075 1656 μόνη
1093 1570 1129 1633 δὲ
1145 1570 1185 1655 τῇ
1201 1570 1339 1654 τελευτῇ

250 1667 310 1728 τοῦ
329 1663 457 1741 ἁλόντος
471 1660 712 1749 ἀποπαυόμενοι.
742 1664 820 1732 ἔνιοι
843 1670 880 1732 δέ
894 1669 975 1751 μήτε
991 1670 1116 1753 θέρμης
1128 1666 1341 1752 η’γησαμένης,

251 1760 331 1849 μήτε
348 1756 447 1829 ἀλλον
466 1758 662 1850 ἀλγήματος,
694 1763 776 1830 ἀλλά
795 1768 928 1853 δρῶντες
951 1763 1000 1831 ἔτι
1020 1762 1061 1831 τά
1081 1768 1262 1847 εἰθισμένα,
1289 1762 1388 1843 οῖ’-ις

158 1866 306 1930 Midam
327 1861 438 1932 τεκαὶ
464 1862 606 1941 draicote
634 1861 813 1952 λεωφόρους
839 1861 923 1929 odeo
945 1862 1112 1950 παρασχόν
1137 1866 1342 1946 κατέπιπτον,

252 1964 308 2028 καί
324 1957 445 2049 ἀθρόον
463 1954 557 2028 innoc
579 1962 732 2049 έγάγνοντο
742 2015 752 2046 ,
781 1958 886 2052 ὥσπερ
909 1962 968 2031 τόν
990 1966 1130 2031 θάνατον
1148 1964 1343 2047 σχεδιάσαν-

254 2084 314 2137 τες·
348 2064 404 2127 κατ’
429 2056 538 2127 ἅπασα
559 2066 619 2145 μὲν
636 2064 743 2149 ἧλικιά
766 2064 868 2149 χάδην
893 2064 1069 2151 ἐφθείρετο,
1095 2063 1231 2145 μάλιστα
1246 2064 1284 2127 δέ
1299 2060 1341 2126 τό

256 2156 396 2245 ἀκμάζον
417 2186 451 2227 τε
468 2165 524 2228 κατ’
541 2158 679 2249 ἧβάσκον
691 2216 701 2245 ,
733 2162 789 2229 καὶ
804 2166 839 2229 έν
860 2166 961 2254 τυάτιρ
978 2166 1072 2229 πλέον
1089 2160 1119 2227 oi
1134 2154 1275 2249 ἀρ’ῥενες·
1300 2159 1340 2227 τό

255 2260 315 2347 γάρ
343 2258 380 2346 δη“
397 2264 480 2346 θῆλυ
503 2256 543 2327 σά
560 2262 647 2345 μάλα
668 2257 762 2345 όμοια
784 2259 915 2346 ἔπασχε.
949 2262 988 2329 τό
1006 2265 1066 2346 μὲν
1081 2256 1138 2327 aiv
1158 2263 1388 2327 ueiclrureao

256 2361 321 2426 τῶν
347 2362 534 2445 Αἰγυπτιαν
547 2362 652 2447 λόγια,
672 2362 730 2428 καί
744 2361 775 2428 ολ
792 2361 880 2448 παρά
897 2364 1043 2448 Πέρσαις
1060 2360 1109 2427 ἔτι
1128 2365 1185 2447 τῆς
1202 2364 1265 2426 τῶν
1280 2385 1344 2444 με·

257 2459 383 2549 νεώριον
408 2460 555 2547 κινήσεως
571 2464 832 2549 δαημονέστατοι,
851 2459 978 2549 χρόνων
1002 2464 1097 2528 τινοῖν
1115 2459 1283 2548 περιόδους
1305 2464 1348 2529 έν

332 2649 353 2683 ι.
377 2618 411 2695 dp*
435 2648 487 2683 om.
514 2634 543 2683 R.
627 2634 654 2689 6.
685 2630 775 2684 πάλιν
804 2631 834 2691 ἐς
859 2648 882 2683 τ.
907 2634 938 2683 Β.
966 2634 1014 2693 ii,
1036 2628 1065 2689 tc
1081 2648 1103 2682 τ.
1121 2632 1152 2683 Β.
1170 2628 1237 2682 πάλ.
1264 2630 1340 2701 vuig.

330 2704 354 2753 ό
379 2702 480 2753 πολλοὶ
503 2700 565 2754 add.
590 2718 623 2754 ex
641 2703 669 2752 ii.
689 2710 723 2755 et
742 2702 828 2771 iutpr·
846 2720 930 2771 quam
947 2704 1041 2773 multi,
1140 2720 1165 2771 ρ
1186 2702 1291 2772 ἰσχυρᾷ
1306 2728 1347 2743 -

327 2772 516 2843 παραπλησία
545 2788 598 2825 om.
624 2773 652 2825 ii.
778 2775 818 2827 13.
840 2772 949 2846 τελευτῇ
980 2771 1083 2826 excidit
1107 2772 1137 2825 iu
1154 2773 1209 2824 Par.

260 2957 341 3013 quum
356 2944 466 3013 penitus
484 2946 608 3009 certarat,
628 2961 662 2997 ex
679 2962 735 3029 quo
752 2945 877 3017 primum,
894 2946 966 2997 circa
981 2943 1122 3014 quietura,
1140 2944 1268 3014 inquam,
1287 2942 1346 2993 iur-

260 3013 333 3083 perii
358 3014 519 3066 luatiuianei
546 3032 661 3078 annum,
685 3032 716 3066 an
743 3024 867 3067 noatmm
887 3014 981 3068 orbem
999 3016 1156 3082 irreprerat;
1183 3014 1347 3084 frequenter

260 3100 325 3136 vero
343 3084 399 3135 alio
419 3094 502 3155 atque
519 3086 575 3137 alio
593 3102 621 3137 ae
640 3086 814 3148 transferens,
832 3093 861 3139 et
877 3085 967 3137 iocum
985 3100 1002 3136 e
1017 3085 1078 3137 ioco
1096 3085 1238 3145 insectans,
1259 3090 1347 3153 atque

261 3156 300 3207 ita
319 3154 432 3225 reliquie
456 3155 543 3209 veluti
563 3155 685 3209 inducias
703 3154 835 3226 quaedam
854 3154 1022 3219 concedent,
1045 3162 1105 3207 tum
1131 3171 1222 3207 curcua
1239 3156 1348 3220 Byzan-

261 3226 331 3277 tium
353 3222 454 3289 rediit,
480 3226 565 3278 veluti
583 3234 678 3289 autea,
703 3228 747 3281 uti
763 3225 940 3288 crediderim,
958 3224 1090 3295 decepta,
1109 3240 1234 3295 quaeque
1251 3225 1347 3287 citiua,

262 3312 342 3366 quarn
360 3295 512 3363 oportebat,
531 3294 596 3347 inde
612 3298 762 3365 migraaaet,
802 3298 905 3350 Mortui
926 3298 1020 3368 itaqua
1042 3303 1107 3347 aunt
1127 3304 1240 3365 repente
1257 3294 1348 3345 veluti

262 3366 336 3435 gravi
359 3364 474 3484 τριτάτη]
496 3366 641 3435 apoplexia
665 3368 793 3438 correpti.
836 3367 893 3436 Qui
914 3383 979 3420 aero
1003 3367 1151 3436 plurimum
1174 3366 1228 3417 vira
1253 3365 1347 3417 morbi

262 3438 367 3487 anetina
388 3444 451 3500 aut,
475 3437 546 3488 ultra
565 3438 692 3507 quintum
710 3438 782 3492 diem
804 3456 861 3491 non
886 3436 1103 3507 rupervivebant
1139 3435 1230 3488 Morbi
1253 3442 1349 3487 autem

263 3522 276 3557 a
297 3510 368 3557 ociea
385 3508 471 3558 veteri
500 3515 557 3558 crat
576 3507 731 3577 persimiiia.
766 3508 868 3560 Febree
892 3509 967 3561 enim
987 3524 1048 3559 cum
1065 3505 1223 3559 bubonibur
1248 3522 1349 3557 accen-

285 3574 401 3626 ebautur
419 3581 581 3642 continuae,
599 3586 630 3629 et
648 3596 705 3631 non
722 3577 909 3651 quotidianae,
926 3594 1017 3649 neque
1030 3576 1078 3629 oei
1095 3576 1231 3629 modicum
1250 3577 1348 3628 renuit-

163 3678 166 3685 ·
263 3652 363 3707 tenta,
383 3646 431 3697 aed
449 3648 507 3699 eolo
518 3650 587 3713 eiua,
606 3662 687 3719 quern
706 3648 901 3717 corripuerant,
917 3651 1031 3702 interito
1050 3655 1194 3700 certantea
1212 3644 1349 3699 Nonnulli

264 3730 328 3767 vero
348 3732 437 3786 neque
456 3727 532 3771 aestu
554 3718 662 3782 febrili,
691 3736 781 3791 neque
798 3720 854 3772 alio
880 3718 976 3773 dolore
994 3716 1190 3785 praecedente,
1208 3716 1257 3769 aed
1275 3734 1350 3787 quae

265 3796 461 3839 consueverant
478 3798 586 3857 agentes
606 3797 634 3842 et
659 3788 733 3841 domi
753 3799 782 3844 et
807 3790 835 3840 in
853 3790 961 3859 plutaia,
986 3790 1026 3841 ita
1043 3798 1156 3859 cogente
1183 3790 1351 3841 necestitate

266 3856 443 3922 corruebant,
470 3869 583 3929 repente
610 3860 752 3913 exanimes
776 3862 859 3922 faeti,
893 3859 981 3912 veluti
1009 3876 1043 3910 ex
1067 3860 1231 3928 temporaria
1259 3866 1351 3911 morte

266 3928 403 3979 aeceraita.
454 3928 578 3983 Cuiurvis
604 3932 698 4001 itaque
728 3932 826 3983 aetatia
855 3929 981 3983 bomiuea
1007 3930 1160 3999 promircue
1185 3927 1351 3992 interibant,

266 3999 411 4067 praecipue
428 4016 490 4051 vero
512 4002 624 4053 iuvenes
643 4018 677 4053 ao
692 4002 818 4071 puberes,
836 4010 919 4073 atque
938 4018 972 4054 ex
990 4001 1034 4053 bie
1054 4004 1226 4070 potieainaum
1242 4015 1350 4051 marea:

268 4068 385 4120 feminae
412 4070 485 4121 eninr
502 4089 559 4123 non
575 4069 689 4142 perinde
705 4072 781 4125 hiace
796 4072 876 4124 maiia
900 4082 978 4124 erant
993 4072 1139 4125 obnoxiae.
1156 4069 1350 4123 Veturtiaaima

268 4140 363 4211 itaque
379 4138 571 4214 Aegyptiorum
594 4142 721 4209 orreoh,
739 4150 768 4197 at
780 4142 832 4214 qui
846 4142 920 4215 apud
932 4142 1023 4197 Pareae
1047 4141 1207 4197 coelartiun
1224 4148 1350 4197 nonaum
