2900 4792
256 155 312 240 60
692 183 900 248 terrulae

104 354 134 418 ς,
146 355 176 408 c,
193 332 306 408 552rur'
322 330 522 418 όναστροφάς
537 335 577 420 τῇ
594 334 686 423 πτίρρ
711 335 970 416 πεπαιδευμένου·
998 335 1077 402 άλλό
1104 337 1162 421 γάρ
1189 336 1244 400 κατ’
1261 339 1325 400 τῶν

142 453 161 504 1.
175 427 332 519 ληθάμφ
347 431 443 496 αότόν
462 431 536 508 τούς
554 428 664 496 όπόσοι
679 434 717 498 ον’
737 435 867 514 πάμπαν
887 429 1018 516 άγνῶτες
1034 435 1072 499 τά
1090 436 1224 515 πολέμια
1242 426 1326 518 ἦσαν

250 531 429 597 ἐπεσθαιόἱ
446 533 579 596 ἐκέλευε.
599 527 654 595 καό
675 529 706 594 οἱ
732 534 791 612 μὲν
818 535 851 609 ἐς
875 529 947 608 τούς
976 535 1091 610 ἵππους
1116 531 1325 618 ἀναθορόντες

251 623 347 717 (ἦσαν
362 632 396 694 δὲ
415 621 527 714 ἄνδρες
545 630 579 703 ἐς
592 630 805 718 τριακοσίους)
832 632 1038 716 ἐφωμάρτουν
1057 653 1090 695 τε
1109 632 1165 696 καό
1186 627 1326 713 ἐπήλαυ-

249 750 303 794 νον
321 724 377 791 ἶδό
396 731 456 792 τῶν
473 725 637 808 πολεμίων.
659 725 690 791 οἱ
709 731 745 791 δὲ
763 728 915 804 ἐσιδόντες
937 729 1056 805 ου’τοός
1076 727 1228 808 ἐπιόντας,
1248 731 1350 796 οπο-5

251 826 351 912 ράδην
376 828 438 907 μὲν
465 827 569 917 οόκέτι
585 826 703 910 ἠλῶντο
710 877 723 906 ,
751 821 826 890 οόδὲ
853 821 940 906 οἶμαι
962 829 1017 910 τῆς
1041 827 1127 902 triba
1144 827 1325 908 ἐμέμνηντο·

249 927 436 1010 ἦθρυιζοπο
453 927 489 990 δὲ
506 923 561 988 ἐπὶ
578 929 664 1010 σφᾶς
681 920 826 1005 ἅπαντες,
847 921 931 988 τότε
955 923 1077 989 ἱππικόν
1104 922 1159 988 καὶ
1180 921 1211 987 οἱ
1229 924 1328 1002 πεζοό,

220 1027 306 1098 Draus*
331 1026 364 1098 ἐς
383 1022 529 1109 φάλαγγα
551 1023 789 1105 ξυνετάττοντο,
818 1029 952 1106 βαθεῖαν
971 1026 1030 1106 μὲν
1044 1015 1117 1087 ain
1135 1019 1223 1102 μάλα
1248 1022 1329 1104 (πῶς

138 1126 140 1129 ’
249 1121 311 1208 γάρ
333 1119 449 1189 οἷόντε
468 1115 560 1207 ἦνοό
577 1119 704 1208 σφόδρα
724 1125 845 1188 πολλῶν
866 1117 965 1186 αὐτοῦ
982 1121 1192 1208 άφιγμένωνς)
1219 1142 1329 1201 καρτε-

251 1223 313 1308 ράν
326 1224 361 1286 δὲ
385 1215 472 1303 ὅμως
493 1223 536 1308 τῷ
553 1223 760 1308 συνασπισμῷ
776 1220 830 1286 καί
846 1223 889 1310 τῷ
914 1219 953 1286 τό
972 1223 1048 1304 κόρα
1069 1221 1103 1285 ἐν
1121 1220 1226 1305 κόσμῳ
1250 1239 1373 1284 συν-ιο

249 1325 434 1387 νενευκέναι.
452 1318 483 1384 οἱ
503 1323 539 1384 δὲ
553 1320 711 1399 Ῥωμαῖοι
729 1318 836 1404 ἐπειδὴ
858 1323 890 1396 ἐς
912 1318 1003 1398 τόξου
1020 1343 1054 1402 γε
1072 1311 1245 1404 ἤδη-βολήν
1261 1316 1329 1396 ἐγε-
1427 1323 1428 1330 ’

249 1423 403 1504 γένιμτο,Ι
422 1420 553 1499 ἐμμιξαι
573 1420 634 1496 μὲν
655 1419 711 1481 καί
729 1417 888 1502 συβράξαι
904 1427 968 1493 τοῖς
990 1417 1149 1498 nauata
1169 1405 1206 1480 τό
1218 1423 1330 1496 ’παρα-

250 1520 447 1598 τεταγμένοις
457 1511 569 1599 ἧκιστοι
584 1505 677 1601 ᾤοντο
691 1516 817 1598 χρῆναι,
837 1515 1005 1594 τοξεύμασι
1017 1518 1052 1580 δὲ
1068 1512 1124 1577 καό
1139 1510 1330 1591 άκοντάεμα-

251 1637 302 1678 σιν
325 1609 614 1697 ἀκροβολιζόμενοι,
654 1614 822 1696 ἐπειρῶντο
846 1617 967 1699 σφῆλαι
991 1610 1067 1688 τοός
1096 1608 1329 1697 πρωτοστάτας,

250 1712 306 1777 κοιό
322 1708 494 1797 διαβρἤξαι
516 1706 573 1794 τήν
594 1708 752 1776 πόκνωσιν
775 1713 834 1774 τοῦ
853 1711 1005 1792 μετώπου.
1035 1703 1103 1774 ἀλλ’
1130 1710 1240 1773 ἐκεῖνοι
1260 1713 1375 1779 ταῖςι5

250 1806 380 1875 άσπόσιν
394 1803 510 1893 άριστα
527 1811 822 1897 περιπεφραγμένοι,
840 1812 969 1874 ἵσταντο
987 1803 1160 1892 όστεμφεΐς
1182 1805 1238 1868 καί
1254 1801 1333 1868 άδό-

249 1933 350 1993 νηιοι,
380 1903 524 1989 οόδαμοῦ
547 1905 584 1971 τό
609 1909 739 1990 συνεχὲς
760 1911 814 1992 τῆς
838 1910 954 1987 τάξεως
977 1908 1176 1984 διασπῶντες,
1196 1899 1335 1968 duriam*

252 2003 331 2092 άλης
347 2004 430 2082 τινός
451 2010 563 2083 λασίας
586 2005 795 2093 κυρήσαντες,
826 2003 933 2092 ῶσπερ.
950 2004 1087 2092 ἐρόματι
1109 2013 1173 2078 τοῖς
1192 2003 1332 2082 δένδροις

165 2125 193 2182 Ρ,
211 2107 394 2192 3λέχρῶντο.
415 2098 476 2190 ἤδη
497 2107 532 2171 δὲ
554 2108 610 2170 κατ’
626 2116 692 2180 τοῖς
715 2099 853 2188 άγγωσιν
872 2105 1029 2186 ἠμύνοντο
1052 2101 1226 2188 βάλλοντες·
1247 2092 1332 2162 adua

251 2203 312 2290 γάρ
330 2199 439 2278 αότοῖς
462 2205 504 2268 τά
519 2203 676 2287 ἐπιχώρια
694 2200 812 2288 δόρατα
827 2203 1057 2284 ἐπωνόμασται.
1333 2229 1380 2270 no

335 2301 391 2385 κβ.
428 2299 487 2379 Ὡς
506 2307 542 2367 δὲ
558 2304 652 2368 οὐδὲν
670 2305 897 2385 ἐπημαίνοντο,
931 2299 1183 2382 διαλογισάμενος
1209 2291 1331 2361 ἅπαντα

253 2400 274 2465 o‘
294 2403 440 2485 Ναρσῆς,
460 2402 655 2486 βαρβαρικόν
672 2426 742 2466 τινα
763 2400 957 2486 στρατηγίαν
968 2398 1023 2466 καό
1034 2401 1151 2480 μάλλον
1167 2405 1231 2471 τοῖς
1248 2386 1334 2458 oiv-

230 2498 317 2574 “νοις
337 2499 583 2584 μεμελετημένην
605 2501 791 2582 ἐμηχανᾶτο.
813 2502 935 2562 ἐκέλευε
955 2495 1015 2583 γάρ
1040 2495 1116 2570 τοός
1139 2495 1218 2580 ἄμφ’
1234 2487 1335 2556 αὐτόν

326 2651 347 2684 r.
367 2631 595 2704 πεπαιδευμένου
613 2635 642 2685 R.
661 2632 726 2706 (Cl.)
747 2633 829 2703 bugd.
849 2651 874 2690 a.
890 2650 935 2697 ιο,
953 2631 1178 2703 πεπαιδευμένος
1198 2627 1257 2681 edd.
1306 2629 1333 2696 4.

322 2702 352 2756 ἐς
368 2707 552 2769 τριακοσίους
567 2707 606 2767 a,
624 2705 652 2762 ἐς
672 2699 737 2760 τοός
752 2720 795 2772 τρ.
810 2705 879 2773 vulg.
932 2705 957 2756 6.
978 2704 1137 2774 ἐμέμνηντο
1156 2703 1201 2754 Sic
1218 2701 1333 2752 correxi.

322 2770 468 2840 ἐγίγνοντο
480 2775 508 2826 Β.
518 2774 621 2844 etvulg.
659 2777 700 2828 sd
711 2774 1085 2846 περιπεφρ.[ἰ,,πεφρ.νυλρ.
1125 2767 1335 2842 ιράγκωσινλλ.

254 2891 347 2943 tussit:
367 2892 545 2963 quiquidem
563 2896 593 2944 in
613 2910 697 2963 equos
716 2894 869 2946 insilientes
886 2893 976 2964 (erant
989 2908 1051 2944 vero
1065 2893 1115 2942 viri
1127 2889 1252 2958 trecenti)
1271 2903 1336 2938 eum

254 2963 350 3025 secuti,
376 2969 448 3013 recta
470 2963 499 3014 in
524 2962 631 3015 bostem
655 2963 861 3016 contenderunt.
905 2965 974 3014 Tum
997 2962 1027 3014 bi
1052 2979 1097 3013 eos
1115 2962 1247 3011 irruentes
1266 2974 1336 3008 con-

252 3031 364 3100 spicati,
382 3049 438 3084 non
458 3034 512 3082 iam
528 3034 651 3100 palantes
667 3035 779 3101 sparsim
789 3033 966 3102 vagabantur,
984 3048 1074 3104 neque
1091 3031 1205 3082 arbitror
1218 3027 1336 3096 praedae

252 3118 384 3155 memores
396 3110 480 3165 erant,
498 3103 546 3155 sed
563 3105 687 3172 protinus
703 3119 761 3154 sese
779 3104 885 3173 equites
904 3101 1009 3170 pedites
1030 3117 1064 3152 ue
1080 3105 1289 3169 congregarunt,
1308 3106 1337 3149 et

253 3173 284 3222 in
301 3189 385 3224 unum
398 3189 492 3241 agmen
510 3182 733 3240 composuerunt3
762 3191 817 3224 non
839 3171 949 3243 quidem
965 3122 1035 3222 illud
1056 3171 1168 3223 dearum
1183 3170 1244 3238 (qui
1260 3169 1336 3218 enim
1399 3183 1402 3188 ·

254 3242 314 3292 fieri
327 3251 444 3310 poterat,
462 3259 521 3293 eum
536 3261 592 3294 noa
611 3242 756 3295 admodum
775 3242 854 3293 multi
865 3259 898 3295 eo
915 3241 1082 3312 venissent?)
1100 3239 1219 3292 validum
1234 3246 1336 3300 tamen,

254 3327 316 3365 cum
330 3320 447 3363 scamas
466 3312 540 3363 inter
557 3321 737 3365 recensentes
754 3315 879 3382 equitum
895 3313 954 3363 alae
968 3313 1114 3382 cingerent.
1149 3308 1337 3360 Romanirero

255 3398 316 3435 cum
330 3382 381 3432 iam
398 3382 468 3433 intra
484 3380 534 3432 teli
552 3384 654 3434 iactum
669 3385 871 3451 pervenissent,
898 3399 991 3434 manus
1017 3382 1127 3451 quidem
1145 3395 1285 3432 conserere
1308 3385 1338 3429 et

256 3449 400 3518 confligere
418 3467 479 3502 cum
498 3450 623 3503 hostibus
638 3455 770 3504 instructa
788 3454 845 3504 acie
865 3452 999 3504 stantibus
1016 3467 1188 3521 nequaquam
1207 3447 1337 3514 expedire

257 3518 419 3571 censebant:
447 3523 550 3588 sagittis
569 3538 633 3573 vero
660 3530 689 3575 et
709 3521 807 3574 iaculis
826 3522 969 3574 volitantes
989 3523 1102 3589 primam
1121 3523 1206 3572 aciem
1230 3518 1337 3570 labefa-

257 3596 328 3639 ctare
346 3589 496 3657 frontisque
516 3589 677 3644 densitatem
692 3591 846 3660 diffringere
871 3591 1044 3644 conabantur.
1080 3591 1115 3643 Ar
1130 3591 1172 3642 iili
1193 3605 1251 3640 eum
1265 3589 1339 3638 inter

256 3674 285 3709 se
301 3659 384 3708 scutis
398 3662 500 3727 optime
519 3670 608 3713 esseut
628 3663 787 3730 constipati,
806 3662 876 3712 firmi
894 3663 1053 3731 immotique
1069 3661 1185 3722 stabant,
1206 3659 1338 3728 nullaque

257 3736 380 3796 exparte
396 3730 463 3781 aciei
478 3732 636 3782 continuum
653 3731 859 3796 convellebant3
883 3729 1019 3801 siquidem
1037 3739 1066 3782 et
1078 3730 1187 3783 densam
1202 3727 1340 3798 quandam

256 3798 351 3849 silvam
366 3801 458 3861 nacti,
487 3799 629 3854 arboribus
646 3810 677 3852 ut
693 3801 764 3853 valio
785 3799 938 3853 utebantur.
976 3800 1032 3851 Iam
1045 3817 1108 3854 vero
1125 3802 1205 3853 etiam
1220 3799 1339 3850 telorum

257 3871 330 3919 iectu
346 3884 376 3918 se
391 3870 547 3931 tuebantur,
565 3888 635 3939 quac
652 3873 740 3937 patria
758 3871 875 3939 ipsorum
893 3870 986 3939 lingua
1004 3887 1121 3940 angones
1138 3878 1277 3921 vocentur.

328 3954 370 3988 nn.
407 3940 474 3990 Cum
499 3941 591 4009 itaque
615 3941 687 3992 nihil
708 3941 798 3992 damni
826 3943 993 4010 acciperent,
1016 3941 1112 3994 Nartes
1131 3940 1222 3992 omnia
1246 3954 1338 3990 seeum

259 4013 403 4076 reputans,
431 4007 577 4060 barbanrna
603 4010 740 4078 quoddam
760 4019 917 4080 stratagema
937 4016 964 4061 et
981 4010 1087 4064 Hunais
1108 4011 1191 4080 magis
1209 4009 1339 4060 usitatum

260 4078 428 4146 excogitavit.
465 4079 546 4137 lussit
570 4081 645 4140 enim
666 4098 728 4135 suas
750 4090 823 4152 targa
847 4088 983 4142 vertentes
1008 4089 1152 4139 retrorsum
1176 4078 1338 4136 conomius
