2900 4792
432 272 719 395 urnronuaou
740 280 865 353 maa
1097 255 1181 367 273

180 424 219 494 λ’.
256 418 355 493 Ἀλλά
374 424 436 515 γάρ
463 429 521 495 οὖν
544 422 615 496 οἶδα
640 424 749 498 έντινά
768 454 811 514 με
833 429 948 518 τρέπον
969 433 991 515 ἦ
1012 434 1068 499 rori
1088 432 1312 518 λέγουΜλλέο

94 526 184 615 φορά
211 530 458 613 παραλαβοῦσα,
478 528 533 595 καί
551 532 596 619 regi
620 528 805 620 ἀξιαγάστηι,
824 525 923 615 οἶμαι,
947 533 1012 597 τῶν
1038 508 1281 619 neotericam

93 628 247 713 ἦδομένη,
269 629 301 702 ές
318 626 389 691 τάδε
405 619 500 712 ἤγαγε
519 632 714 715 προπετείας,
735 630 780 707 ῶς
790 628 830 695 τά
847 633 883 695 έν
894 632 981 719 μέσην
999 630 1177 717 ὖπερβάντα

93 730 159 791 τῶν
182 721 379 811 παρ’ῥωτάτω
402 728 645 812 ἐπιμνησθῆναι.
680 728 791 795 οὖνοῦν
813 726 922 814 inerit}
941 731 997 794 νῶν
1013 731 1090 813 γοῶν
1107 730 1181 797 έπέ-

74 824 179 909 Syron
199 820 271 889 ὅποι
290 818 445 911 ἀφνγμοι,
466 830 521 891 καί
536 823 611 893 ὅθεν
632 830 757 914 έξέβην,
778 831 881 895 έκεῖνο
896 830 957 909 μέν
971 829 1080 893 έατέον
1104 827 1181 914 πρὸς

91 922 130 989 τὸ
143 919 258 1009 παρὸν,
274 924 309 989 έν
325 932 389 1001 τοῖς
405 924 528 1001 οιίιιιλιις
540 920 825 1015 ἀναγραφησόμενα
836 924 977 1013 χωρίοις·
991 926 1133 1011 ἐπανήξω
1143 928 1181 991 δέ

91 1015 191 1098 αὖθις
204 1024 238 1099 ές
254 1019 291 1087 τὸ
304 1026 429 1107 ξυνεχὲς
443 1023 499 1089 καί
513 1024 689 1093 ἀκόλουθον
700 1028 764 1092 τῶν
773 1024 945 1113 προτέρων.
961 1020 1026 1111 ἥτε
1040 1022 1102 1111 γάρ
1116 1024 1181 1091 τῶν

92 1122 263 1207 Περσικῶν
291 1124 448 1204 βασιλέοιν
474 1121 606 1209 διαδοχὴ
636 1122 690 1189 καί
712 1122 810 1189 έτῶν
828 1125 983 1189 ἐνιαυτῶν
1004 1121 1180 1206 κατάλογος,

92 1223 158 1301 καί,
173 1221 353 1305 συλλήβδην
367 1218 483 1307 φάναι,
503 1215 585 1287 άπαν
599 1246 656 1305 μοι
670 1218 707 1287 τά
723 1223 948 1306 ἐπηγγελμένον
959 1223 1207 1306 ξυνετελέσθη.λ>.
1217 1227 1271 1291 stt

57 1314 186 1399 ιοοίμοι
202 1320 239 1383 δὲ
264 1310 344 1403 ἀγαν
359 1318 465 1405 ἀληθῆ
480 1324 582 1387 ταῦτα
598 1321 790 1387 καθεστάναι
809 1324 863 1387 καί
872 1324 907 1396 ές
922 1317 958 1385 τά
972 1312 1101 1406 ἀκριβὲς
1117 1322 1251 1399 iss-Vm

95 1418 315 1502 πεπονημένα,
332 1413 376 1493 ῶς
398 1416 437 1503 δη
456 1421 491 1485 έιι
510 1419 573 1485 τῶν
588 1423 758 1507 Περσικῶν
781 1418 900 1503 βιβλων
922 1420 1179 1505 μεταληφθέντα.

93 1516 226 1603 Σεργάιο
253 1513 314 1603 γάρ
341 1519 397 1582 τοῦ
421 1512 578 1603 ἑρμηνέως
600 1520 700 1583 iactor
724 1520 910 1601 γενομένου,
940 1520 995 1583 καί
1014 1515 1089 1593 roric
1113 1519 1178 1584 τῶν
1232 1570 1238 1586 .

89 1618 263 1697 βασιλικῶν
286 1616 617 1701 ἀπομνημονευμάτων
637 1618 801 1707 φρουρούς
816 1641 850 1681 τε
866 1620 924 1681 καί
939 1616 1105 1691 ἐπιστάτας
1117 1640 1178 1697 με·

90 1712 247 1787 ταδοῦναί
271 1712 300 1779 οἶ
319 1718 375 1798 τῆς
398 1712 474 1801 περὶ
487 1718 589 1781 ταῦτα
604 1718 729 1803 γραφῆς
751 1714 1024 1802 έκλιπαρὴσαντος,
1047 1711 1177 1801 (πολλά-

57 1820 139 1889 ιὸιιις
156 1810 219 1899 γάρ
237 1810 333 1879 oriris
350 1815 383 1888 ἐς
399 1816 488 1879 τοῦτο
511 1817 694 1900 προτρέψας
714 1814 912 1899 itimaros)
930 1814 1120 1899 προσθέντος
1131 1812 1174 1877 ’δέ

89 1908 215 1995 κοίτην
229 1910 352 1994 αἰτίαν,
374 1910 417 1989 ῶς
438 1907 493 1977 οὖν
509 1904 604 1977 ἀλλου
622 1936 677 1977 του
694 1910 793 1996 χάριν
814 1914 920 1995 ζητοίη
937 1914 1036 1976 τῶνδε
1054 1916 1175 1992 τυχεῖν,

88 2003 204 2095 ἢῶστε
224 2012 279 2074 καί
290 2014 366 2097 παρ’
378 2010 455 2095 ἡμῖν
470 2010 657 2095 ἀνάγραπτοι
680 2008 813 2075 ἔσεσθαι
827 2006 866 2075 τά
891 2008 1003 2095 σφισιν
1016 2007 1174 2091 ἐγνωσμέ-

88 2130 129 2173 να
153 2111 210 2175 ιιαί
233 2106 346 2191 τίμια,
367 2112 526 2195 παρέσχον
553 2107 652 2186 εὐθὺς
667 2101 705 2173 εὖ
725 2134 760 2192 γε
782 2111 940 2183 ποιοῦντες
965 2108 1094 2186 ἐκεῖνοι,
1115 2102 1172 2167 οὖν

89 2196 190 2293 ῶχαρι
203 2204 239 2271 τὸ
256 2208 366 2295 χρῆμα
381 2205 548 2293 ἡγούμενοι
567 2202 668 2290 εἶναι,
684 2206 765 2278 ἀλλά
783 2205 930 2291 καὶπρὸς
942 2198 1085 2281 ιάνλείας
1107 2210 1173 2279 τοῖς

53 2309 181 2394 τροφῶν
204 2310 387 2390 βασιλεῦσιν
408 2308 574 2389 ἐσόμενον,
603 2310 634 2374 εἰ
647 2310 793 2391 μέλλοιεν
814 2308 870 2373 καί
891 2302 978 2392 παρὰ
997 2303 1198 2385 Ῥωμαίοιςλλ

158 2444 187 2499 3.
215 2439 338 2513 ἀάομίνη
362 2444 392 2495 λλ.
416 2460 464 2513 pro
491 2440 622 2513 ἧδομένη.
710 2446 735 2512 4.
760 2440 936 2565 πορρωτάτω
971 2443 1019 2504 u,
1052 2435 1170 2508 ποθέω·

158 2512 230 2582 τίρω
257 2514 329 2581 vulg.
410 2516 441 2567 6.
466 2498 732 2587 ἀναγραφησόμεάιι
756 2514 785 2566 R.
834 2512 895 2564 und,
921 2528 946 2567 a.
967 2527 1002 2561 m.
1032 2516 1060 2561 et
1082 2508 1171 2577 Intpr.

158 2594 189 2634 ut
204 2610 234 2624 -
247 2581 441 2638 descrihendis.
475 2584 553 2657 Vol-g.
573 2602 606 2637 ea
618 2602 656 2655 pr.
675 2600 711 2641 m.
725 2584 808 2653 Luget
823 2554 889 2637 δέν
902 2588 963 2641 τοῖς
975 2582 1028 2632 ολκ.
1040 2576 1168 2650 ἀναγρα-

157 2652 319 2773 φησόμεθα
381 2658 499 2725 χωρίοις
516 2657 545 2708 λλ.
567 2663 594 2707 et
606 2657 688 2724 lutpr.
700 2657 758 2708 suis
772 2656 850 2715 loeis,
869 2654 987 2722 χρόνοις
999 2651 1071 2719 vulg.
1129 2666 1168 2705 ¹0.

195 2724 250 2788 ηοιῖ
277 2722 352 2793 ιλγαν
381 2726 409 2776 λλ.
498 2726 675 2778 καθιστάντα
703 2726 735 2777 R.
811 2744 848 2777 rr.
871 2725 974 2793 βίβλων
991 2721 1036 2784 λλ,
1054 2720 1169 2787 βιβλίων

156 2794 228 2863 vulg.
302 2796 341 2848 15.
362 2808 383 2845 π
405 2798 540 2852 scaenas
559 2797 599 2859 λλ.·,
624 2795 858 2866 προθέντοςουλς.
952 2811 990 2863 ιφ
1010 2790 1169 2861 η’γοὺμενοι

157 2860 232 2937 εἶναι
255 2864 295 2930 a,
312 2860 362 2920 eir.
382 2810 495 2937 έγοιλμ..
514 2866 583 2936 vulg.

156 3002 199 3055 30.
236 3000 291 3053 Sed
308 3004 401 3055 neseio
426 3019 480 3073 quo
499 3008 577 3071 pacto
597 3018 640 3055 me
660 2998 790 3054 orationis
813 2996 941 3051 decursor
954 2994 1105 3066 abreptam,
1122 3010 1168 3047 re·

89 3086 209 3141 rumque
231 3080 383 3127 memoratu
406 3070 547 3143 dignarum
565 3074 705 3142 voluptate
733 3070 897 3132 delinitam,
924 3085 956 3118 eo
980 3067 1168 3134 praecipitan-
1282 3119 1286 3131 ¹

88 3142 142 3195 tiae
160 3140 321 3205 adduxerit,
341 3152 373 3195 ut
390 3146 487 3197 omissa
506 3160 596 3197 rerum
613 3142 798 3213 praesentium
817 3134 994 3199 tractatione,
1021 3134 1168 3187 remotiora

86 3214 137 3265 sim
156 3220 323 3283 persecutus.
386 3217 492 3267 uocirea
511 3232 573 3269 cum
590 3231 662 3266 nunc
682 3212 765 3263 sciam
785 3228 839 3279 quo
877 3206 1027 3261 errauerim
1045 3214 1073 3257 ct
1092 3202 1167 3255 uude

87 3284 186 3336 fuerim
206 3281 358 3353 digressus,
376 3285 425 3336 ιλλε
444 3286 554 3356 quidem
572 3286 625 3335 iam
645 3290 709 3335 sunt
733 3228 900 3342 amittentia,
927 3294 996 3351 quae
1021 3276 1076 3327 suis
1096 3283 1168 3326 tcm-

87 3352 200 3422 poribus
219 3352 441 3407 conscribemus:
461 3352 735 3425 adpraecedeutium
757 3358 847 3403 autem
869 3366 960 3402 rerum
982 3346 1167 3400 continuatam

87 3432 334 3495 congruentemque
356 3426 536 3477 narrationem
563 3433 688 3477 revertar.
724 3420 889 3474 Persicorum
908 3420 982 3473 enim
994 3433 1085 3487 regum
1102 3431 1168 3467 sue-

86 3496 236 3547 cesaiouem
258 3503 286 3546 et
308 3512 439 3549 annorum
464 3512 618 3559 numerum,
637 3502 680 3555 et,
698 3500 730 3545 ut
753 3509 808 3545 ano
833 3490 916 3543 verbo
942 3488 1038 3550 dicam,
1057 3486 1167 3537 univcr-

86 3582 145 3617 sum
172 3562 216 3627 id,
242 3560 317 3635 quod
341 3565 536 3635 promiseram,
573 3566 628 3615 iam
656 3562 767 3615 absolvi.
811 3560 846 3613 Et
878 3559 989 3634 quidem
1018 3572 1081 3609 vera
1107 3570 1167 3608 esse

106 3652 158 3687 uae
178 3632 247 3698 dixi,
288 3641 344 3698 uto,
376 3644 554 3699 accurateque
583 3630 736 3696 elaborato,
769 3638 865 3702 utpote
899 3647 914 3682 e
941 3628 1055 3683 Persicis
1087 3624 1166 3677 libris

87 3652 218 3757 insumo.
264 3652 330 3755 gum
357 3710 428 3759 enim
448 3708 554 3775 Sergius
578 3703 625 3757 illc
654 3708 787 3773 interpres
812 3701 872 3753 illie
892 3710 1000 3771 ageret,
1028 3706 1057 3751 et
1079 3698 1168 3766 regio·

86 3792 145 3826 rum
176 3776 313 3827 annalium
342 3773 466 3829 custodes
494 3793 525 3827 ac
552 3774 703 3845 praefectos
729 3768 832 3825 obnixe
859 3788 890 3823 ro
908 3778 998 3833 asset,
1023 3776 1055 3820 ut
1076 3783 1167 3819 sacrun

86 3846 134 3897 ilia
156 3847 255 3915 scripta
276 3848 513 3911 communicarent,
532 3845 584 3918 (ire
605 3854 701 3897 uenter
723 3840 796 3895 caim
811 3859 860 3913 ogo
881 3790 959 3891 iilum
975 3834 1010 3891 ad
1029 3836 1081 3889 hoc
1094 3853 1167 3889 eram

85 3913 234 3979 hortatum)
256 3932 362 3967 caeream
379 3935 443 3971 vero
463 3917 544 3969 etiam
563 3864 727 3978 uiieciaet,
794 3930 833 3965 am
859 3928 914 3963 uon
932 3907 1014 3961 aliam
1031 3924 1089 3960 esse
1115 3906 1166 3959 de-

86 3984 217 4048 clarabat,
235 4002 313 4056 quam
333 3994 364 4038 ut
380 3988 462 4041 etiam
486 3984 558 4057 apud
580 4003 629 4037 nos
651 3986 753 4039 littera.
822 3982 1005 4035 monumentie
1029 3994 1167 4029 commcn-

87 4053 215 4109 dnrentur
231 4054 352 4125 ipsorum
375 4058 517 4120 instituta,
537 4072 662 4127 quaeque
681 4054 711 4107 in
732 4054 821 4123 pretio
833 4050 985 4115 habereut,
1007 4048 1097 4101 statim
1122 4044 1167 4097 illi

86 4134 160 4179 recte
182 4126 337 4191 iacientes,
363 4128 422 4180 eiua
445 4126 573 4197 petitioni
597 4131 768 4185 annuerunt,
795 4138 852 4175 rem
873 4138 930 4173 aon
953 4120 1084 4190 ingratam
1107 4116 1166 4167 soro

87 4197 153 4261 rati,
175 4196 260 4249 immo
279 4211 343 4249 vcro
364 4194 399 4249 sd
422 4214 514 4267 regum
537 4212 646 4249 suorum
670 4191 785 4264 gloriam
808 4192 1014 4262 pertinentem,
1037 4190 1060 4239 οἱ
1084 4184 1166 4237 ‘iim

152 4290 295 4363 Αςσιλιίαι.
940 4288 971 4337 ιθ
