2900 4792
245 243 314 304 XVl

246 417 313 462 aeae
332 393 419 480 quod
439 393 592 461 biaton'ae
607 415 685 480 opna
705 396 746 458 ad
767 397 863 460 finem
882 415 946 458 non
965 397 1007 459 ait
1021 397 1228 480 perductam,
1248 397 1324 462 ate-

250 496 374 560 rander
389 495 514 575 innuit,
544 495 779 558 orationeuaua
799 519 913 580 parum
927 497 1059 580 quidem
1076 507 1147 580 apta
1166 498 1233 577 ²³),
1263 497 1324 560 aed

136 627 143 639 ¹
243 617 360 682 pravae
372 595 631 679 interpretationi
647 595 780 659 minime
791 597 949 657 obnoxia:
972 596 1068 659 modo
1085 595 1325 659 meminerimus

243 693 393 759 Choaroia
409 703 543 756 mortem
553 695 666 779 viginti
681 693 750 757 lere
768 694 861 757 annia
874 697 1140 779 poatllunnorum
1152 695 1327 757 adrentum

245 795 279 856 in
292 791 473 868 Thraciam,
495 793 551 855 ubi
565 793 671 878 quinti
687 793 765 857 libri
780 793 917 856 narratio
926 794 1136 878 abrumpitur,
1158 793 1326 858 accidiaae.

245 896 293 957 Ac
302 913 342 954 ne
353 891 426 974 quir
438 892 520 954 forte
533 891 710 977 cuapicetur
717 893 758 954 ad
775 893 957 956 molestiora
971 892 1096 976 negotia
1113 893 1267 970 delatum,
1278 898 1326 952 at·

246 1011 311 1078 qne
322 990 365 1052 iu
375 991 534 1074 otioquod
549 992 701 1055 historiae
716 991 903 1086 scribendae
912 991 1235 1075 tribucretpriratum
1244 1010 1328 1067 eoae,

246 1091 281 1154 in
299 1089 411 1154 eodem
425 1089 509 1152 ritae
521 1111 639 1175 genere
651 1092 861 1176 permensione
875 1092 928 1155 rel
944 1091 1135 1174 cognomine
1149 1097 1230 1152 teate
1242 1109 1329 1150 com·

246 1197 371 1275 parturn
382 1195 439 1252 eat
467 1189 540 1268 Quo
559 1211 711 1254 concesso
726 1192 798 1274 qnia
812 1191 923 1254 credat
937 1193 1007 1256 fieri
1023 1189 1162 1275 potuirae
1177 1199 1214 1250 ut
1227 1209 1330 1274 spon·

246 1299 279 1350 te
300 1288 461 1351 omitteret
488 1297 610 1373 gratum
634 1291 775 1353 laborem
802 1313 821 1352 a
847 1313 914 1374 quo
943 1289 1030 1352 omni
1054 1288 1087 1350 ri
1109 1297 1205 1370 atque
1227 1286 1330 1348 unico

182 1373 185 1383 ¹
246 1387 474 1473 persequendo
504 1387 639 1470 negotiis
665 1391 843 1453 forensibua
862 1412 897 1452 aa
924 1387 1073 1451 diatiueri
1088 1388 1237 1472 queritur
1254 1385 1331 1460 ”tt

248 1509 331 1574 quae
343 1497 448 1550 tamen
464 1489 624 1550 cumulate
642 1489 835 1554 offerrialiaa
848 1488 1032 1551 laetandum
1043 1487 1104 1550 eibi
1121 1506 1189 1548 ecee
1199 1487 1330 1563 fatetur,

248 1607 290 1648 ne
306 1583 416 1668 inopia
431 1595 602 1670 prematur.
631 1587 731 1650 Nemo
752 1597 856 1650 tamen
879 1587 958 1649 hinc
976 1583 1331 1667 concludatAgatlriam

251 1685 527 1746 annumerandum
545 1705 612 1748 erae
626 1683 813 1748 infelicibus
829 1684 894 1749 illia
914 1685 983 1768 qui,
999 1705 1041 1746 nc
1057 1685 1140 1745 lame
1155 1689 1332 1756 vexentur,

249 1807 267 1846 a
285 1783 401 1844 litteris
414 1785 567 1846 recedere
584 1784 684 1848 coacti
708 1792 793 1846 aunt.
812 1785 891 1847 Nam
903 1785 961 1845 illa
977 1791 1046 1845 erat
1062 1781 1332 1845 acbolasticornm

250 1881 400 1945 condicio
414 1891 452 1943 ut
465 1903 576 1945 eornm
589 1881 717 1946 avaritia
727 1881 851 1968 legibue
859 1892 942 1946 earet
954 1881 1202 1969 compescendae
1220 1899 1332 1961 neque

249 1979 421 2044 clientibus
447 1983 585 2045 caruiaac
608 1982 774 2046 credemus
795 1981 900 2044 virum
924 1982 980 2066 qui
1006 1980 1126 2064 inaigni
1156 1976 1333 2040 facundiae

248 2079 351 2164 gloria
367 2087 399 2142 et
425 2080 518 2144 virus
539 2091 572 2143 ct
593 2089 818 2165 postmortem
846 2080 967 2143 floruit.
1007 2081 1139 2162 Itaque,
1162 2078 1224 2138 niai
1241 2076 1334 2137 luaua

167 2177 170 2186 ’
250 2187 299 2244 cat
317 2179 376 2240 iata
387 2177 428 2240 de
445 2199 502 2242 aua
518 2187 602 2242 corte
622 2180 767 2263 querela,
788 2180 854 2243 illia
865 2177 1082 2242 accensendus
1102 2176 1163 2239 crit
1178 2173 1334 2258 Agatbiaa

249 2277 318 2362 qui,
331 2275 391 2339 niai
405 2275 579 2339 admodum
593 2277 680 2342 laute
690 2277 798 2342 rivere
813 2279 948 2362 aliisque
958 2275 1064 2359 largiri
1082 2283 1227 2360 poscunt,
1236 2291 1335 2355 egere

248 2375 311 2439 eibi
331 2375 490 2438 ridentur.
526 2377 620 2456 Quae
642 2377 772 2458 quidem
790 2377 901 2459 opinio
918 2376 1144 2458 epigrammate
1159 2372 1336 2435 confirma-

248 2482 304 2536 tur
318 2494 383 2556 quo
402 2472 470 2553 ille,
491 2482 583 2556 pater
601 2472 713 2556 oppidi
735 2471 851 2551 dictur,
874 2475 907 2532 in
934 2471 1110 2556 municipio
1133 2471 1334 2546 acolacum,

249 2578 344 2632 autea
366 2568 535 2635 obscoenis
563 2571 776 2634 immunditiis
801 2572 935 2634 foedum
963 2580 1060 2654 atque
1095 2567 1332 2645 detestabilem,

251 2689 425 2754 purgatae,
446 2679 544 2752 atque
561 2669 700 2754 eleganti
718 2670 884 2750 aedilicio,
906 2671 1017 2734 nereio
1036 2691 1114 2753 quo,
1130 2686 1260 2730 ornatae
1278 2667 1335 2729 di-

251 2767 336 2832 citur
351 2769 408 2848 ²⁵).
448 2767 522 2830 Alia
539 2769 670 2832 fortarre
691 2778 854 2854 praeterea
875 2769 1002 2855 pictatia
1021 2768 1126 2831 officia
1145 2768 1177 2828 in
1195 2767 1338 2851 patriam

252 2865 410 2930 contulite
431 2887 515 2950 quac
533 2889 598 2930 non
614 2869 722 2931 minua
741 2875 873 2954 propter
888 2868 973 2930 banc
987 2868 1137 2930 virtutem
1149 2887 1245 2948 quam
1260 2862 1335 2926 elo·

252 2965 403 3050 quentiae
420 2985 535 3045 cauea,
556 2987 631 3029 eum
654 2989 728 3032 cum
747 2977 837 3052 patre
852 2968 1040 3031 Memnonio
1057 2976 1090 3030 et
1107 2968 1206 3027 fratre
1232 2971 1342 3026 atatua'

253 3063 378 3126 ornarit
393 3061 458 3145 ²⁶)=
479 3066 571 3130 cuiue
585 3067 730 3147 honoria,
742 3085 843 3151 mum
863 3067 942 3130 olim
959 3067 1071 3129 luisset
1088 3061 1338 3155 vulgatumque,

253 3163 311 3226 illo
322 3171 476 3247 tempore,
491 3167 524 3227 in
538 3167 679 3251 privator
688 3167 809 3248 collati,
820 3167 876 3232 rix
888 3167 1130 3250 alindaupereat
1139 3161 1337 3245 exemplum.

333 3263 453 3325 Mansit
471 3276 577 3328 autem
596 3267 667 3330 riro
688 3268 819 3330 laudato
836 3268 930 3329 etiam
951 3274 1023 3350 poat
1040 3265 1139 3325 funua
1155 3261 1268 3324 eadem
1285 3258 1339 3320 in·

251 3361 351 3446 tignis
370 3363 454 3424 lama
473 3365 698 3447 eloquentiae:
721 3367 763 3429 ad
785 3387 882 3450 quam
895 3362 1102 3428 referendum
1118 3381 1187 3424 erae
1204 3359 1340 3421 ridetur

254 3463 342 3546 quod
360 3463 547 3544 Menander,
565 3465 621 3548 qui
639 3466 708 3530 eiua
727 3465 894 3529 historiam
915 3461 1137 3541 continuarit,
1165 3457 1339 3519 infantiam

254 3583 343 3625 auam
364 3570 429 3623 tam
447 3561 655 3628 vehementer
679 3573 819 3634 excurat,
867 3569 980 3647 Itaque
993 3581 1105 3644 quum,
1132 3557 1252 3620 renatis
1273 3554 1338 3617 aub

253 3660 465 3724 Basilidarum
492 3663 626 3747 imperio
653 3663 788 3744 litteria,
823 3663 959 3726 eandem
990 3659 1121 3722 laudem
1146 3663 1340 3742 appeterent

253 3759 364 3843 puailli
389 3758 511 3842 ingenii
532 3761 699 3846 hominen,
726 3762 897 3847 Agatbiarn
918 3758 1110 3822 imitandum
1125 3755 1185 3820 eibi
1202 3753 1340 3838 cumpait

254 3861 320 3922 Leo
335 3858 511 3941 Diaconua,
533 3871 570 3926 ut
586 3865 699 3928 llaaiua
714 3885 747 3931 r.
765 3863 815 3928 ill.
832 3859 1004 3925 indicarit:
1034 3857 1088 3922 cui
1102 3855 1192 3942 quod
1207 3855 1342 3940 placue-

289 3989 596 4139 ²³lnu⁵nnz
609 3992 749 4138 larun
764 3985 1054 4136 inuenit
1068 3986 1231 4131 pag
1249 3983 1342 4128 tt·

324 4131 472 4195 nearent
1301 4133 1307 4148 ’
