2900 4792
244 202 397 300 ¹rcrcrr·
467 195 661 266 sicerum
688 196 898 266 vuasrours
926 195 1144 268 amsousc

266 363 365 412 uatnrs
380 357 592 422 contentiosior,
609 371 690 427 saepe
706 358 790 411 etiarn
810 373 858 428 pro
874 359 955 430 regiis
969 359 1120 430 porticibus
1134 356 1202 429 ipsis
1222 357 1342 426 attabst,

265 445 427 516 plerumque
437 446 467 497 iu
480 443 654 499 librariorum
666 443 787 500 tabernis
796 445 935 500 veusiltiis
944 443 1090 511 arridebat,
1106 452 1136 498 et
1150 444 1185 499 sd
1196 445 1343 500 bominum

265 537 366 584 turmas
382 547 411 583 se
423 529 520 584 eodem
532 532 701 603 cogentium,
717 530 800 585 verba
819 531 960 602 magnifica
981 530 1096 605 perinde
1113 530 1291 584 mirabundus
1311 537 1343 586 et

264 615 390 686 stupidus
404 617 555 680 factitabat,
574 625 703 671 consueta
715 617 849 688 quaedum
864 617 974 682 dedeo,
990 616 1078 688 longis
1087 616 1231 672 verborum
1240 617 1342 670 amba-

264 702 353 774 gibus.
370 702 427 768 bis,
444 705 494 774 qui
509 719 537 756 se
555 705 786 760 circumsisterent
800 705 1018 775 postulantibus,
1043 705 1133 775 qualis
1151 721 1213 758 uam
1234 704 1342 757 scilicet

263 798 336 842 esset
351 789 394 842 illi
407 799 515 854 nutura,
532 807 603 862 quse
613 808 677 843 nam
691 790 853 854 substantia,
871 800 963 844 uuum
979 792 1129 855 alliciatur,
1147 799 1239 844 utrum
1255 805 1340 843 curae

263 876 301 930 sit
315 891 429 945 expers,
448 884 476 930 et
496 877 550 929 alia
562 877 696 948 quaedam
714 877 859 932 eiusmodi.
876 878 926 950 qui
941 895 1005 932 vcro
1023 880 1077 932 ists
1095 875 1283 948 profitebatur,
1301 891 1339 928 ue

262 963 463 1032 grammaticum
480 963 592 1034 quidem
613 963 714 1020 adiisse
732 979 854 1034 nuquam
878 963 1054 1027 crediderim,
1083 979 1135 1016 uec
1155 962 1240 1016 ritem
1264 961 1339 1014 sorte

261 1049 405 1102 rectiorem
431 1049 526 1120 egisse.
579 1048 695 1104 Proinde
716 1057 817 1122 putent
841 1049 873 1103 iai
898 1049 980 1103 facile
1001 1047 1107 1120 aliquid
1124 1063 1182 1102 esse
1204 1056 1233 1100 et
1253 1048 1339 1119 plene

260 1133 507 1207 promptissimum,
525 1141 573 1190 aut
585 1137 685 1208 cuique
698 1134 836 1206 pervium,
854 1135 929 1206 qnod
941 1135 1021 1205 vulgo
1036 1135 1135 1198 fertur,
1152 1131 1251 1201 pedem
1269 1149 1338 1202 por·

260 1221 332 1292 rige,
357 1228 385 1274 et
408 1221 585 1290 Theologiaru
603 1223 720 1294 attinges
747 1239 831 1296 quum
847 1219 918 1276 bsuc
941 1229 1047 1274 constet
1067 1237 1124 1275 rem
1141 1235 1199 1274 esso
1224 1227 1253 1270 et
1271 1233 1340 1287 pro·

259 1305 361 1370 batam,
379 1314 408 1359 ct
421 1308 656 1378 inexplicabilem,
679 1315 707 1361 et
720 1308 801 1378 longe
813 1309 991 1375 superiorem,
1010 1323 1091 1382 quam
1107 1313 1139 1358 ut
1154 1320 1213 1357 eam
1226 1303 1347 1374 assequi*

260 1393 387 1462 cogitatio
412 1402 494 1464 quest
511 1394 712 1462 imperitorum,
731 1393 778 1465 qui
798 1391 947 1464 ignorando
965 1392 1038 1445 bauo
1054 1391 1232 1444 demirentur.
1266 1390 1340 1443 Sunt

258 1495 393 1548 namque,
417 1479 466 1550 qui
492 1480 598 1551 vesperi
617 1495 650 1532 ex
672 1480 732 1547 ipsa
751 1481 843 1531 suurn
868 1479 1001 1532 ebrictate
1025 1487 1053 1531 et
1077 1477 1189 1548 crapula
1208 1475 1339 1550 impediti

259 1563 428 1636 quammulta
442 1561 626 1628 deblatcreut,
645 1564 735 1636 deque
750 1563 983 1618 excellentissimis
995 1563 1078 1617 rebus
1097 1563 1160 1626 iilis,
1180 1561 1339 1633 divinisque

259 1649 465 1722 quaestionibus
486 1667 623 1704 sermones
642 1649 801 1704 indecenter
823 1652 996 1721 incoeptent,
1022 1658 1051 1703 et
1076 1647 1263 1703 in'eiusmodi
1280 1665 1337 1701 uu·

257 1734 348 1806 gando
362 1733 496 1801 delirent,
514 1747 543 1790 et
558 1737 631 1791 baud
644 1753 720 1790 secus
737 1753 768 1791 sc
784 1739 832 1809 qui
842 1738 930 1791 slesm
946 1735 1065 1800 ludunt,
1090 1737 1220 1789 risentnss
1253 1733 1337 1787 Hisce

244 1824 290 1876 rin
321 1822 402 1878 rebus
433 1824 617 1896 principatum
650 1832 746 1878 nactus
783 1825 914 1888 Ursulus,
947 1821 1063 1893 perinde
1096 1821 1254 1875 llomericus
1285 1821 1337 1874 iile

257 1907 397 1964 Thersites
425 1909 493 1962 alios
524 1907 673 1982 urguebat,
702 1907 902 1981 extrahercque
932 1911 962 1963 iu
984 1909 1096 1978 longum
1121 1923 1258 1962 sermones
1282 1907 1339 1960 mi-

257 1985 332 2050 nime
362 1991 526 2060 desistebat,
551 1997 603 2049 etsi
632 1995 699 2048 alias
723 1995 759 2049 de
782 1995 834 2050 deo
859 1993 933 2049 baud
952 1993 1016 2048 satir
1033 2001 1106 2048 recte
1125 1995 1253 2046 sentirets
1283 2008 1337 2044 ueo

257 2098 322 2134 sane
350 2079 577 2154 disceptationem
611 2082 735 2147 sinebat,
760 2081 863 2135 iamdiu
902 2089 1074 2152 occoeptsm
1113 2079 1210 2133 ordine
1237 2077 1336 2131 rslteru

256 2184 307 2223 suo
327 2168 492 2242 procedere3
518 2167 567 2222 sed
585 2171 720 2242 apertiora
742 2171 836 2241 potius
861 2168 1063 2232 confundebat,
1090 2173 1119 2220 et
1137 2168 1277 2240 quaeriue
1286 2165 1336 2218 ‘rei

255 2253 433 2326 propulsabat
457 2257 653 2309 inventionem.
687 2255 807 2310 Volebat
827 2253 873 2308 hic
896 2255 1012 2309 forsitan
1035 2254 1155 2308 Plstouis
1172 2253 1335 2321 Pythoum,

255 2339 423 2416 Sextumque
441 2339 562 2414 denique
580 2343 697 2407 imitari,
724 2349 754 2394 et
772 2357 865 2394 eorum
882 2357 957 2393 more
972 2342 1162 2411 responsiones
1179 2346 1211 2392 ut
1228 2339 1337 2404 flerent,

255 2433 288 2481 nt
307 2427 368 2479 linis
389 2435 460 2482 esset
478 2427 519 2479 nil
538 2427 689 2490 obturbari,
709 2427 774 2497 quia
793 2425 824 2478 id
842 2427 931 2478 animo
949 2434 1153 2496 praesumptum
1175 2427 1231 2478 ism
1253 2432 1335 2488 esset,

253 2513 327 2566 nibil
351 2530 409 2566 esse
434 2515 544 2582 penitus
568 2513 756 2566 coustitutum.
792 2510 847 2564 Sed
864 2511 1002 2565 Platonica
1019 2514 1072 2563 ists
1092 2510 1166 2563 baud
1192 2513 1258 2565 satis
1282 2511 1336 2564 iile

254 2598 397 2659 didicerat,
415 2599 445 2649 ni
462 2597 533 2651 sorte
552 2596 678 2650 alicunde
694 2603 809 2650 renstur
822 2613 957 2668 perpsuca
971 2597 1135 2667 collegisset,
1153 2596 1253 2670 quibus
1270 2611 1336 2667 pos-

252 2691 297 2738 set
320 2683 471 2742 ineruditos
494 2683 548 2736 iam
575 2683 676 2736 fallere.
711 2683 747 2736 Et
770 2681 998 2757 quemadmodum
1021 2684 1162 2738 ittersmn
1185 2692 1244 2737 erst
1260 2685 1284 2736 is
1301 2699 1334 2738 se

252 2773 379 2844 ignarus,
404 2772 444 2828 ita
468 2777 496 2822 et
519 2770 654 2824 bonorum
679 2785 784 2823 morum
803 2772 925 2825 omnium
945 2787 1047 2842 expers.
1071 2771 1229 2825 istiusmodi
1246 2787 1332 2843 quum

252 2865 325 2912 essct
343 2857 470 2920 Uranius,
485 2857 520 2910 ad
533 2859 624 2911 Persas
641 2873 671 2910 sc
689 2857 815 2922 contulit,
833 2875 883 2928 per
899 2857 1086 2913 Areobiudum
1103 2859 1221 2921 Persam,
1239 2867 1269 2912 et
1285 2875 1332 2910 re-

251 2947 292 3022 gis
309 2951 375 2996 tunc
392 2951 541 3008 oratorem,
567 2951 599 2996 ut
616 2941 764 2997 cothurnus
782 2952 812 2998 et
827 2945 930 2998 nebulo
947 2943 1058 3010 ductus,
1083 2947 1212 2998 nimirum
1231 2946 1280 3016 qui
1297 2961 1332 3000 es

249 3029 305 3087 sibi
324 3037 481 3088 ornamenta
499 3029 599 3084 stolide
619 3030 801 3094 vendicasset,
818 3031 919 3103 quibus
935 3033 1046 3084 omuino
1063 3040 1181 3095 csreret,
1199 3032 1331 3101 pallium·

250 3133 305 3194 que
325 3117 448 3187 protinus
472 3116 579 3180 induit,
607 3114 682 3189 quod
699 3115 904 3185 disciplinarum
927 3118 1049 3188 magistri
1068 3125 1171 3187 gestare
1189 3117 1262 3187 apud
1278 3135 1331 3171 nos

248 3205 346 3258 solent.
383 3203 428 3256 Sic
451 3205 545 3278 itaque
570 3202 678 3274 obstipa
700 3203 872 3278 superbaque
892 3205 963 3258 facie
983 3203 1129 3257 Cbosroem
1151 3203 1243 3257 adivit.
1267 3212 1329 3256 tum

249 3291 299 3372 ille
317 3292 459 3360 inopinato
482 3291 614 3348 miraculo
638 3291 777 3361 percitus,
795 3297 824 3342 et
841 3307 947 3344 sacrum
964 3288 1072 3363 aliquid
1086 3291 1329 3360 esseimaginstue

248 3379 458 3452 suspicatusque
475 3393 569 3429 rerum
586 3375 660 3430 huuc
674 3393 733 3458 esse
748 3375 958 3449 philosophum,
977 3375 1052 3448 (uam
1074 3377 1156 3429 etita
1173 3375 1246 3446 apud
1263 3377 1329 3429 Per-

246 3481 291 3538 sas
308 3461 500 3536 vocitabatur),
520 3461 639 3518 eundem
664 3463 739 3516 huuc
756 3469 785 3516 ct
799 3463 889 3517 iibens
906 3463 990 3528 vidit,
1011 3479 1043 3514 ac
1060 3461 1179 3532 benigne
1197 3464 1325 3533 suscepit.

248 3549 342 3620 Magos
360 3546 461 3606 delude
482 3547 517 3602 ad
534 3566 563 3602 re
581 3558 757 3613 wurocatos,
783 3565 844 3604 curu
865 3566 936 3603 uoro
957 3547 1124 3619 philosopho
1141 3555 1174 3600 ut
1190 3563 1328 3602 sermones

246 3635 416 3701 conferrent,
445 3637 602 3704 constituit,
627 3635 718 3714 deque
738 3651 831 3688 rerum
855 3644 917 3689 ortu
940 3644 1094 3706 naturaque
1112 3641 1145 3686 ut
1163 3633 1327 3703 disceptatio

245 3721 402 3786 baberetur,
421 3723 554 3790 iniunxit;
578 3731 608 3777 et
626 3730 717 3778 uuum
734 3722 766 3776 id
783 3737 876 3785 omne,
894 3721 970 3792 qnod
985 3721 1098 3783 visitur,
1120 3721 1203 3773 finem
1220 3721 1258 3772 sit
1272 3719 1326 3773 hs-

246 3809 388 3880 biturun5
406 3825 503 3865 uumrc
513 3827 599 3868 uuum
616 3825 674 3864 esse
691 3810 812 3864 omnium
829 3823 917 3861 rerum
932 3807 1100 3879 principium
1115 3805 1267 3882 putandum
1281 3807 1327 3864 sit

677 3951 903 3974 m
