2900 4792
450 228 733 306 numeneus
763 234 803 298 ιι.
823 241 873 306 ιο.
982 173 989 190 ’
1146 211 1205 322 93

120 383 183 450 τεόν
210 385 378 472 πημάτων
402 383 443 451 τό
473 391 711 477 τιμαλφέστατα
738 389 772 455 έν
797 388 875 478 τῷδε
899 389 944 478 τῷ
967 385 1126 478 φρουρίῳ,
1159 389 1233 467 ees.
1247 408 1275 460 c.
1294 411 1348 470 553

116 483 245 550 ἁλῶναί
264 510 301 570 με
326 479 483 552 alitionis
506 484 594 570 ε’νόν,
621 489 807 573 ε’σενηνειιτο.
836 485 1043 573 α’σχόλλοντες
1065 492 1100 555 δὲ
1118 477 1249 572 lumin·
1264 497 1295 552 22

115 583 175 648 ἐπί
191 586 231 672 τῇ
250 587 315 650 τοῖν
332 585 503 667 Ῥωμαιων
521 587 774 676 προσναθεδρίῳ,
803 585 861 654 ναί
875 583 1005 672 αἰσχρόν
1021 585 1236 672 ἢγοόμενοι,Β

113 684 148 746 εἰ
160 684 307 765 μέλλοιεν
328 679 409 750 otro
428 683 467 772 δη
484 684 615 752 όαιπολό
634 688 668 751 όν
688 685 841 778 περιβόλῳ
860 685 974 776 μετρίῳ
997 692 1204 774 ξυνειλῆφθαι

92 780 171 851 isus*
184 781 459 871 έγνατειρμεσθαι,
490 785 646 871 ένδρομός
662 790 722 870 μὲν
739 784 820 852 κατὰ
835 789 898 852 τοόν
916 780 1095 852 όντιπόλων
1107 785 1200 868 θαμὰ

112 883 301 964 ἐποιοῦντο,
333 879 368 946 εἴ
383 909 450 963 πως
470 877 509 949 όν
531 882 646 961 edred<
663 889 790 952 ἐνθένδε
809 885 1002 952 δποόσαοθοιι
1028 883 1201 972 δυνηθεῖεν,

114 975 213 1046 οόδὲν
231 982 267 1045 δὲ
283 975 310 1061 ό,
326 1006 358 1044 τι
381 982 436 1048 ναί
449 981 573 1070 μνήμης
596 976 683 1063 όξιον
696 982 865 1072 ἔπρασσον.

199 1077 254 1145 ιδ’.
289 1079 339 1146 Ἐν
363 1079 485 1160 τούτοις
509 1085 545 1147 δὲ
573 1085 631 1148 τοῦ
655 1086 810 1168 χειμῶνος
833 1085 1011 1172 τριβέντος,
1049 1079 1118 1168 όῖμα
1143 1079 1228 1174 ἤριλ.
1248 1103 1276 1156 G.
1296 1105 1346 1176 554

112 1169 303 1270 όρχομένῳ,
324 1183 357 1258 ἒς
377 1181 489 1266 λόγους
504 1184 611 1248 ἐλθεῖν
632 1185 676 1272 τῷ
698 1185 816 1270 Ναροῇ
832 1182 849 1247 δ
867 1181 1040 1270 Ῥόηναρις
1062 1189 1125 1250 τοῖν
1140 1175 1220 1250 πα-ι
1232 1175 1292 1228 “⁸

77 1276 243 1363 ,opinens
260 1280 332 1364 πέρι
349 1282 466 1366 χρῆναι
489 1278 600 1368 ῳήθη,
619 1282 676 1346 καί
689 1275 747 1344 ὀὖν
763 1283 1027 1367 ἐπιτετραμμένον
1041 1283 1126 1372 αὐτῷ
1139 1311 1200 1350 ποι-

113 1377 175 1462 ρῆν
185 1371 255 1458 ἅμα
271 1372 384 1462 όλίχοις
399 1379 434 1444 όν
450 1377 640 1468 μεταιχμίῳ,
661 1383 853 1466 ξυνηλθέτην
868 1404 903 1444 τε
920 1373 1019 1470 όμφω
1038 1385 1072 1460 ές
1088 1377 1198 1466 ταότὸ,

112 1473 287 1541 καὶπολλὰ
307 1468 388 1540 circu
410 1478 616 1562 διελεγέσθην.
643 1476 720 1543 ι’δοόν
738 1480 774 1544 δὲ
793 1473 810 1543 o‘
832 1484 964 1566 Ναρσῖης
986 1479 1041 1547 τόν
1060 1481 1200 1566 Ῥάμνο-

111 1599 167 1658 ριν
187 1577 220 1653 ἒς
242 1575 426 1655 ἀλαζονείαν
446 1567 580 1663 ἠρμένον
585 1627 598 1660 ,
628 1576 684 1643 καί
700 1580 829 1668 πλείστη
847 1578 1009 1666 χριόμενον
1026 1588 1200 1666 μεγαληγο-

23 1720 24 1727 s
112 1676 191 1762 ρι’ῳ,
212 1674 256 1750 ὥς
276 1673 431 1756 μειζόνων
444 1699 478 1741 τε
498 1671 519 1762 ἢ
539 1679 607 1742 κατ’
623 1671 719 1743 airis
733 1673 900 1766 ἐφίεσθαι,
920 1674 980 1746 nuiss
995 1681 1052 1746 τοῦ
1067 1679 1199 1767 όπερτέ-

78 1793 176 1860 ,ςρου
197 1775 436 1858 έπικομπόζειν,
466 1777 609 1842 διέλυσεν
623 1770 739 1842 αότίιια
760 1773 818 1861 την
839 1778 1022 1862 ξυνουσίαν,
1050 1781 1105 1844 καί
1121 1773 1223 1866 circu-C

111 1874 264 1960 ydpeuosv
278 1877 319 1962 τῇ
331 1872 493 1958 ξυμβάσει,
513 1873 568 1940 καί
578 1875 743 1960 ἅπέπεμπέ
753 1901 789 1960 με
804 1873 900 1942 αὐτόν
911 1869 1005 1954 αὖθις
1016 1879 1048 1953 ές
1060 1877 1200 1944 τούπίσω

113 1967 279 2062 ἄπρακτον
289 1974 345 2039 ἐπί
356 1983 420 2052 τοῖς
431 1977 593 2062 προτέροις
606 1978 773 2056 μενοῦντα.
801 1969 818 2039 δ
837 1977 872 2040 δὲ
891 1974 998 2061 ἐπειδη
1008 1978 1042 2043 όν
1056 1981 1100 2066 τῷ
1110 1974 1199 2067 λόφῳ

113 2075 272 2157 ἐγεγόνει,
292 2076 348 2137 καί
363 2066 422 2158 ἤδη
440 2069 478 2138 οδ
500 2071 607 2162 πόρ’ῥω
627 2077 685 2139 τοῦ
704 2072 830 2158 τείχους
850 2073 981 2161 ἀφῖκτο,
1000 2078 1200 2160 χαλεπαίνων

115 2169 169 2238 ὅτε
196 2171 235 2258 δη
260 2173 348 2260 adrui
364 2173 456 2238 otidis
481 2171 587 2239 ότιοῦν
611 2175 675 2238 τῶν
694 2175 903 2239 ἐλπισθέντων
920 2168 1039 2259 ἀπέβη,
1072 2175 1200 2240 ἐντείνει

77 2266 223 2356 ,οῆρέμα
243 2269 405 2358 λαθραίως
426 2267 461 2336 τό
479 2271 586 2353 τόξον,
605 2270 662 2337 καί
675 2265 741 2336 εἶτα
759 2267 878 2358 ἇθρόον
892 2277 1139 2360 μεταστραφείς,
1161 2267 1200 2340 υἷ-

114 2371 210 2458 φίησι
239 2374 331 2454 βέλος
350 2369 405 2438 tal
424 2372 484 2436 susi
504 2374 655 2458 Ναρσοῦ,
676 2371 831 2458 διήμαρτε
852 2373 888 2436 δὲ
903 2373 960 2436 soii
978 2374 1103 2438 σκοποῦ.
1130 2368 1199 2438 ἑτέ-

185 2493 211 2544 8.
233 2490 266 2544 ἰν
285 2489 399 2550 τούτοις
415 2494 456 2556 lt,
475 2491 507 2545 ἐν
521 2491 590 2544 τοδε
626 2491 698 2562 vulg.
761 2508 799 2544 ιι.
817 2503 847 2543 τε
867 2491 912 2556 u,
931 2488 1050 2563 dlrulg.
1103 2493 1141 2548 ιδ.
1161 2490 1197 2544 δ-

186 2563 322 2623 λαζονίσν
345 2563 376 2614 n.
447 2563 485 2615 15.
504 2559 581 2632 dnqy
600 2575 701 2633 ρευσεν
716 2562 747 2620 n.
757 2598 765 2625 ,
783 2559 945 2632 ἀπηγόρευε
963 2563 1035 2634 vulg.

115 2683 191 2734 enirn
205 2698 294 2735 rerum
303 2682 514 2734 necessariarum
532 2681 611 2750 copia
621 2680 799 2736 abundabant
810 2698 886 2745 ‚cum
901 2690 929 2734 et
942 2691 1121 2737 commeatum
1140 2701 1199 2736 om·

114 2769 180 2803 nem
201 2762 305 2823 quanto
319 2769 388 2822 opus
409 2761 467 2803 erat
479 2760 507 2804 et
519 2767 553 2803 ex
570 2752 746 2804 facultatibus
758 2751 812 2803 suis
826 2753 1016 2836 pretiosissima
1028 2747 1153 2825 quaeque
1168 2755 1199 2806 in

115 2823 189 2876 illud
201 2823 344 2875 castellum
356 2831 484 2892 tanquam
497 2821 707 2892 inexpugnabile
722 2831 917 2875 convenissent.
954 2825 1068 2876 Moleste
1078 2842 1142 2876 vero
1153 2825 1199 2877 ni-

115 2893 269 2946 hilominus
287 2893 412 2944 serebant
424 2894 603 2945 Romanorum
616 2891 805 2956 obsidionem,
822 2901 851 2944 et
866 2900 945 2964 turpe
960 2895 1010 2946 rati
1029 2896 1052 2946 si
1069 2894 1116 2947 diu
1130 2895 1198 2947 adeo

115 2966 216 3034 exiguo
233 2963 339 3014 ambita
352 2961 520 3032 circumsepti
540 2960 782 3026 concluderentur,
811 2961 966 3032 frequentes
983 2965 1012 3014 in
1026 2962 1131 3019 hostem
1149 2983 1198 3016 ex-

115 3036 257 3087 cursiones
275 3032 427 3097 testebant,
454 3033 477 3084 si
493 3049 548 3103 quo
569 3030 651 3084 modo
671 3047 718 3084 eos
736 3029 802 3083 inde
818 3031 960 3102 profligare
976 3043 1103 3104 possent3
1129 3035 1200 3088 nihil

115 3119 181 3157 vero
196 3104 284 3155 relatu
299 3102 410 3172 dignum
424 3106 543 3154 effecere·
1084 3143 1085 3148 ,

190 3175 231 3242 ιλ.
267 3174 364 3225 llieme
375 3181 466 3226 autem
478 3174 508 3225 in
529 3171 581 3224 hoc
596 3177 748 3235 transacta,
773 3169 862 3224 statim
880 3169 994 3224 ineunte
1010 3187 1072 3226 vere
1093 3173 1130 3224 lte
1167 3191 1198 3228 a·

116 3246 156 3298 ris
173 3243 366 3314 paciscendum
383 3243 437 3295 sibi
455 3245 485 3295 in
498 3261 554 3295 rem
567 3252 737 3312 praesentem
755 3258 816 3292 cum
828 3241 940 3294 Narsete
959 3244 1071 3312 putarit
1099 3243 1131 3296 Li
1153 3261 1198 3298 ero

47 3333 55 3346 ·
115 3317 214 3385 itaque
232 3321 384 3367 commeatu
403 3322 528 3384 accepto,
553 3313 588 3365 ad
607 3313 748 3365 Nassetem
776 3313 869 3381 paucis
893 3313 1035 3366 comitatus
1063 3312 1200 3366 inlocum

115 3389 192 3438 inter
209 3387 359 3438 exereitum
374 3392 403 3437 et
423 3385 562 3437 castellum
588 3382 780 3435 intermedium
798 3383 890 3449 venit3
918 3385 1106 3453 congressique
1127 3385 1200 3438 inter

115 3473 149 3508 se
166 3459 255 3509 varios
277 3472 413 3508 sermones
432 3456 599 3507 miscuerunt
618 3462 647 3507 et
672 3453 864 3522 disceptarunt
900 3451 1003 3505 Videns
1022 3463 1112 3506 autem
1131 3453 1200 3508 Nar-

116 3545 162 3579 ses
179 3529 322 3598 Regnarim
341 3526 468 3594 superbia
493 3526 609 3588 elatum,
637 3525 778 3594 multaque
797 3523 939 3577 verborum
970 3523 1098 3576 iactantia
1118 3534 1200 3578 uten-

116 3605 189 3659 tem,
206 3607 237 3650 et
254 3598 356 3649 maiora
374 3613 454 3667 qnam
472 3597 560 3665 ipsum
581 3595 689 3647 deceret
706 3592 906 3664 postulantem,
924 3595 1075 3664 mirumque
1094 3595 1122 3647 in
1138 3613 1199 3650 tuo-

116 3669 184 3720 dum
205 3685 237 3719 ea
263 3685 436 3738 exaggerare,
469 3667 610 3717 confestim
629 3665 796 3734 colloquium
825 3665 922 3728 solt'it,
950 3672 978 3715 et
1002 3667 1200 3735 compositione

116 3740 304 3810 pactioneque
319 3745 435 3808 negata,
454 3735 556 3788 insecta
575 3753 604 3786 re
625 3736 659 3787 ud
678 3753 740 3786 suos
760 3734 872 3786 remisit.
932 3735 961 3785 ui
978 3752 1037 3786 cum
1053 3737 1082 3787 in
1102 3739 1199 3790 collem

117 3809 265 3872 erasisset,
294 3809 403 3880 lantque
422 3825 478 3858 non
495 3805 591 3876 procul
608 3823 624 3857 a
641 3822 717 3857 muro
737 3803 862 3868 abesset,
887 3803 915 3854 in
937 3806 998 3874 igne
1018 3805 1106 3857 ferens
1128 3807 1199 3860 nihil

116 3883 201 3950 pinne
226 3895 255 3930 se
282 3895 375 3932 eornm
401 3893 472 3949 quac
496 3883 617 3946 sperarat
640 3885 829 3938 consecutum,
855 3876 955 3926 sensim
983 3881 1011 3926 et
1035 3875 1102 3928 clam
1120 3887 1198 3931 tenso

118 3968 201 4016 arcu,
225 3948 373 4022 subitoque
391 3965 542 4010 conversus,
560 3946 682 4015 sagittam
701 3953 774 3998 recta
792 3943 970 3997 inNarsetem
986 3952 1113 4017 torquet;
1129 3966 1199 4020 quse

119 4039 135 4072 a
153 4037 239 4090 scopo
257 4021 385 4073 aberrans
402 4019 531 4070 aliorsum
549 4016 640 4069 delata
658 4015 775 4080 cecidit,
798 4016 907 4067 nemine
930 4015 1012 4068 laeso.
1049 4015 1201 4071 Consecuta

117 4107 183 4145 vcro
202 4093 295 4143 statim
323 4099 365 4142 est
380 4105 469 4160 poena
498 4085 607 4139 barbari
631 4085 750 4139 hominis
778 4087 938 4158 nequitiam.
984 4083 1104 4140 Nsrsetis
1128 4090 1201 4140 enim

120 4163 242 4219 satellite
262 4161 326 4217 iacti
343 4158 522 4234 praefidentia
541 4159 748 4232 temeritateque
766 4156 867 4212 irritati
886 4157 990 4228 sagittis
1013 4173 1075 4210 eum
1091 4165 1201 4228 petunt,
