2900 4792
246 81 327 167 126
484 147 493 160 -
694 113 905 184 initulis

93 270 129 330 d.
143 272 236 343 0564
323 261 379 350 κη’.
416 262 516 334 :dett
536 263 598 352 γάρ
616 270 743 355 βραχέα
764 259 844 334 rina
868 271 944 357 περὶ
964 273 1114 360 Χοσρόου
1139 264 1359 359 διεξελθών,·’

126 345 351 428 Ηαὸαάταια
372 360 468 448 ἔγωγε
488 364 547 430 ἀνά
568 364 608 432 τά
630 367 770 453 πρότερα
790 365 846 432 scs*
859 365 898 455 δη
913 365 1071 455 ἐπανήξω.
1100 373 1234 457 &protos
1254 373 1333 460 γάρ.

181 504 184 509 >
237 458 336 528 αάτόν
353 465 409 527 ναι*
427 456 562 549 ἀγανται
573 467 656 552 πέρα
673 467 728 550 τῆς
745 466 854 548 ἀξίας,
881 465 927 553 μὴ
947 463 1040 536 lissei
1058 474 1206 558 Πέρσαι,
1234 470 1330 546 ἀλλά,

194 565 294 636 ¹nursi
307 559 384 626 ἔνιοι
402 565 468 628 τῶν
491 563 678 646 Ῥωμαίων,
706 564 751 640 οδς
769 560 869 649 λόγων
885 565 1037 654 ἐραστὴν,
1058 568 1113 635 κατ’
1126 569 1316 658 φιλοσοφίας

158 680 190 736 v.
198 680 232 749 48
239 663 294 747 τῆς
314 663 389 748 παρ’
397 661 473 746 ἡμῖν
488 663 521 739 ές
531 656 626 750 ἀκρον
635 659 782 746 ἐλθόντα,
796 668 1077 752 μεταβεβλημένων
1089 663 1175 759 crispi
1189 665 1349 739 tudrovt.

233 757 337 864 dorric
344 762 492 846 diepoldo
507 761 617 848 φωνην
630 765 693 828 τάν
701 759 886 848 Ἑλληνικῶν
903 765 1162 852 ξυγγραμμάτων.
1182 767 1238 834 sni
1248 771 1327 836 roi-2

232 885 290 927 νυν
303 861 421 947 φασὶν,
436 855 487 925 ὅτι
502 861 541 947 δὴ
562 856 632 928 ὅλον
650 859 705 928 τδν
724 865 928 950 Σταγειρίτην
947 865 1113 935 καταπιών.
1129 864 1177 952 εἴη
1193 872 1318 951 μᾶλλον

231 952 404 1046 ἢδρητοορ
429 957 642 1038 δΠαιανιεάς
661 959 714 1027 τὸν
737 961 887 1049 Ὀλόρου,
921 966 985 1029 τῶν
1006 989 1040 1030 τε
1066 967 1245 1044 Πλάτωνος
1259 965 1318 1031 τοῦ

227 1057 418 1146 Ἀράιτωνος
438 1058 676 1146 ἀναπέπλησται
692 1060 872 1145 δογμάτων,
903 1061 959 1126 καὶ
976 1053 1048 1128 οὔτε
1066 1059 1083 1128 ὃ
1101 1065 1230 1148 Τίμαιος
1253 1063 1317 1130 αά-

232 1155 290 1224 τὸν
305 1151 515 1244 ἀποδράσειεν
536 1153 591 1241 ἀν,
619 1162 650 1226 εἰ
666 1162 723 1226 καί
741 1157 870 1246 σφόδρα
889 1167 1052 1249 γραμμινῇ
1070 1163 1189 1253 θεωρίᾳ
1202 1166 1357 1230 πεποιῑῐο

233 1263 356 1340 κιλται,
385 1257 442 1322 κατ’
458 1255 517 1334 τάς
534 1261 591 1342 τῆς
606 1258 733 1345 φάσεως
753 1255 912 1342 ἀνιχνοάει
928 1256 1077 1345 κινήσεις,
1108 1253 1180 1327 οὔτε
1195 1261 1212 1327 o‘
1230 1257 1316 1328 (δαί-

233 1359 312 1438 δοον,
333 1349 433 1422 οάτεδ
449 1356 603 1441 Γοργίας,
625 1356 782 1438 οάμενοάν
799 1353 875 1436 οὐδὲ
890 1349 983 1436 ἀλλος
1000 1383 1050 1436 τις
1065 1361 1126 1428 τάν
1142 1364 1316 1449 γλαφυρῶν

231 1479 267 1521 τε
289 1455 344 1520 κατ’
362 1456 582 1542 ἀγνυλοατέρων
607 1453 776 1539 διαλόγων,
804 1453 920 1540 δποῖος,
940 1451 1040 1542 οἶμαι,
1060 1455 1078 1522 ὅ
1097 1463 1314 1547 Παρμενίδης.

229 1552 291 1640 ἀγά
312 1556 348 1618 δὲ
372 1549 474 1628 οὕτως
497 1551 592 1619 αάτὸν
618 1547 735 1642 ἀριστα
768 1551 853 1638 ἔχειν
874 1557 1037 1639 παιδείας,
1060 1557 1234 1624 καὶταῦτα
1256 1561 1315 1644 τῆς

181 1647 184 1656 ’
230 1651 403 1739 ἀκροτάτης
413 1703 423 1734 ,
445 1646 502 1716 οὖν
519 1645 558 1718 ἀν
573 1677 646 1719 ποτε
668 1653 817 1738 οἶηθειην.
845 1657 912 1730 παῖς
929 1655 990 1736 μὲν
1007 1653 1065 1742 γάρ
1090 1652 1204 1733 οἷόντε
1218 1652 1257 1744 ἦν
1271 1655 1355 1723 τδιό

231 1749 403 1838 ἀκραιφνὲς
418 1754 518 1818 ἐκεῖνο
540 1755 605 1819 τάν
625 1756 769 1819 παλαιάν
789 1751 952 1836 ἀνομάτων
971 1753 1026 1819 κατ’
1039 1757 1247 1844 ἐλευθέριον,
1258 1757 1317 1823 uos*

153 1850 309 1938 Ρ,67πρός
328 1875 363 1934 γε
383 1851 424 1937 τῇ
437 1854 501 1918 τάν
516 1853 703 1939 πραγμάτων
721 1851 818 1939 φάσει
829 1850 1007 1940 πρόσφορὸν
1025 1878 1057 1920 τε
1081 1858 1136 1920 καί
1153 1853 1315 1942 ἐπικαιρίο-

228 1973 345 2032 τατον,
366 1949 461 2039 ἀγρίᾳ
479 1950 544 2016 τινὶ
565 1949 682 2040 γλάίτη
699 1953 755 2016 κατ’
772 1951 974 2038 ἀμουσοτάτη
995 1951 1219 2038 droco-iiras,-
1243 1957 1314 2034 πῶς

229 2052 265 2116 δὲ
282 2042 322 2115 ἀν
338 2043 418 2136 ἀνὴρ
435 2054 583 2141 βασιλεάηι
600 2049 691 2140 τάφφ
716 2050 891 2116 ἐκπαίδων
908 2053 963 2116 καί
985 2052 1128 2140 κολακείᾳ
1141 2054 1240 2140 πολλῇ
1259 2077 1314 2138 γε-

227 2153 414 2235 γανωμένος,
431 2149 557 2217 δίαιτάν
570 2148 720 2234 τολαχάν
735 2152 768 2228 ές
788 2143 815 2233 δ’,
829 2175 862 2215 τι
872 2150 1149 2238 βαρβαρικωτάτην
1164 2152 1219 2216 stad
1232 2148 1355 2240 πρὸςοο

301 2295 324 2334 r.
344 2275 467 2331 διελδιδν
483 2278 513 2328 R.
573 2277 598 2329 8.
618 2273 715 2328 dante
733 2271 896 2333 Πανανιεάς
915 2293 967 2328 om.
986 2274 1062 2328 Suid
1082 2294 1102 2328 τ.
1120 2289 1147 2330 τ.
1170 2277 1235 2330 Χοσ
1255 2275 1313 2342 δης.

297 2343 351 2402 τδν
367 2345 402 2400 Ὀ.
420 2348 450 2398 R.
465 2355 494 2398 et
510 2346 664 2411 8οἰτ1.,ταλν
678 2347 714 2399 Ὀ.
734 2347 806 2418 vulg.
862 2363 901 2400 so.
918 2346 1100 2418 γραμματικῇ
1121 2347 1151 2396 ll.
1221 2293 1260 2400 ιδ.
1280 2361 1314 2400 τε

255 2417 363 2471 ·add.
383 2434 417 2470 ex
435 2417 466 2468 ll.
526 2415 607 2488 cipes
627 2433 680 2469 orn.
700 2416 776 2470 Suid.
850 2417 888 2470 15.
905 2417 961 2488 μὲν
979 2435 1032 2468 ons.
1050 2415 1131 2469 idem.
1202 2420 1242 2471 16.
1261 2421 1315 2470 καὶ

296 2497 362 2540 ante
380 2487 470 2539 ἐλευδ.
490 2504 542 2540 om.
566 2487 648 2540 idem.
695 2489 735 2540 18.
753 2485 934 2559 ἀμουσοτάτη
953 2488 1001 2550 u,
1018 2481 1204 2559 ἀμουσοτάτφ
1223 2487 1314 2557 vulg„

298 2557 472 2630 ἀμουσάτητι
490 2558 566 2610 Suid
624 2575 678 2628 ‚sp
693 2554 731 2609 ἀν
749 2557 823 2610 delet
849 2557 925 2609 Suid.
1001 2558 1209 2629 γεγαννυμένος
1231 2557 1309 2613 Suid.

296 2629 347 2681 tt
362 2637 391 2681 et
407 2644 430 2688 s.
447 2627 476 2682 lr.
494 2630 554 2699 ipsa
573 2643 648 2682 voce.
718 2645 760 2682 ao.
780 2625 939 2700 βαρυτάτην
955 2625 1031 2682 sud.

298 2770 342 2823 st.
380 2766 507 2822 Ceterum
521 2766 570 2818 ubi
580 2765 697 2834 paucula
713 2765 847 2839 quaedam
860 2761 895 2818 de
911 2764 1032 2820 Chosroe
1054 2779 1310 2832 commemoravero,

219 2840 322 2894 ,stasim
339 2837 374 2890 ad
395 2838 486 2908 priora
511 2836 615 2890 redibo.
650 2836 853 2908 Depraedicaut
875 2838 948 2888 enim
967 2838 1045 2889 illum
1062 2844 1145 2908 atque
1170 2835 1310 2890 admiran-

228 2919 274 2963 tur
293 2926 374 2979 supra
399 2909 484 2976 ipsius
509 2909 637 2960 meritura
664 2927 723 2961 non
738 2909 972 2970 mutuaretur,
999 2905 1047 2958 sed
1065 2913 1093 2959 et
1111 2907 1237 2958 nonnulli
1254 2908 1311 2959 llo-

227 2997 378 3043 manorum,
394 2978 480 3031 veluti
487 2979 643 3031 litterarum
653 2986 810 3042 amatorem,
829 2978 932 3049 quique
943 2976 978 3028 ad
991 2974 1184 3046 philosophiae
1198 2984 1310 3030 nostrae

229 3053 339 3104 culmen
364 3050 495 3113 evaserit,
514 3066 575 3101 curn
596 3049 623 3101 ei
647 3048 812 3100 Graecanica
834 3049 934 3117 scripta
950 3047 984 3099 ab
1005 3048 1156 3117 interprete
1217 3047 1310 3114 opinus

226 3123 257 3175 in
265 3121 398 3174 Persicam
409 3121 626 3190 liugusmessent
636 3136 770 3172 conversa.
784 3117 981 3190 Aiuntitaque,
990 3117 1065 3190 quod
1075 3106 1162 3170 tolum
1196 3117 1311 3170 ristote-

223 3193 280 3244 leus
288 3193 386 3244 melius
401 3190 528 3254 ebiberit,
541 3207 623 3260 quarn
636 3189 834 3242 Demosthenes
846 3186 1055 3257 Thucydidem,
1067 3186 1196 3260 quodque
1214 3187 1309 3239 Plato-

223 3264 296 3316 nicis
313 3260 484 3332 dogmatibus
495 3267 568 3312 totus
582 3260 697 3313 refertus
707 3261 800 3322 fuerit,
819 3257 925 3312 adeout
938 3276 972 3312 ne
983 3260 1111 3318 Timaeus
1124 3254 1235 3378 <pridem
1247 3259 1309 3312 cius

224 3333 433 3402 intelligentiam
444 3329 648 3400 subterfugerit,
666 3331 774 3383 tametsi
783 3327 882 3382 lineari
892 3329 1077 3398 speculatione
1088 3327 1131 3378 val
1151 3327 1211 3378 esit
1225 3343 1308 3398 argu-

223 3410 269 3456 tus
292 3412 320 3456 et
339 3410 453 3462 naturae
469 3407 559 3452 rnotus
578 3401 735 3470 investiget3
753 3399 801 3453 sed
818 3415 909 3470 neque
929 3397 1052 3462 Phaedo‚
1070 3413 1159 3482 neque
1181 3397 1306 3468 Gorgias,

224 3490 316 3545 neque
328 3474 398 3524 alius
415 3471 560 3593 qpisquam
577 3488 612 3524 ex
626 3469 838 3542 elegantioribus
855 3477 883 3522 et
891 3467 1093 3522 difficilioribus
1109 3468 1196 3537 ipsius
1214 3468 1306 3522 dialo-

243 3545 274 3606 's,
287 3544 386 3615 qualis,
400 3559 430 3594 ar
451 3542 527 3604 itror,
541 3549 582 3593 est
590 3541 768 3594 Parmenides.
791 3541 846 3610 Ego
860 3555 923 3592 vcro
939 3555 1001 3592 eum
1012 3538 1135 3591 doctriua
1148 3539 1304 3608 praeditum

223 3561 309 3667 inlusae
334 3622 364 3666 ct
387 3611 499 3684 quidem
525 3629 638 3674 summa,
663 3627 835 3682 nequaquam
855 3607 1024 3662 crediderim.
1068 3608 1123 3678 Qui
1151 3609 1225 3661 enirn
1243 3609 1304 3663 fieri

223 3691 346 3754 poterat,
365 3692 397 3735 ut
410 3683 513 3752 puritas
533 3682 581 3733 illa
598 3689 720 3734 veterum
738 3681 879 3734 norninnrn
898 3687 926 3732 et
945 3682 1036 3732 nativa
1054 3679 1156 3750 gratia,
1175 3688 1204 3732 et
1221 3695 1302 3748 prae-

223 3761 299 3809 terea
314 3770 404 3806 rerum
427 3753 547 3824 ipsarum
565 3760 679 3804 nstnrse
703 3767 853 3820 congruens
878 3748 1012 3821 valdeque
1038 3747 1253 3814 accommodata,
1271 3751 1303 3812 iu
1415 3745 1416 3758 ¹

222 3816 322 3894 ag'resti
340 3821 458 3896 quadarn
477 3831 506 3876 et
521 3823 693 3892 ineptissima
705 3820 798 3891 lingua
815 3817 1037 3876 conservaretur?
1055 3820 1118 3890 Quo
1135 3835 1198 3872 vero
1217 3820 1302 3872 ctiam

243 3901 304 3948 aeto
321 3895 362 3948 vir
381 3894 454 3963 regio
473 3895 579 3946 festus
604 3908 690 3962 puero
708 3893 850 3964 multaque
878 3891 1062 3944 assentatione
1086 3889 1242 3954 delibutus,
1271 3899 1302 3945 et

221 3911 368 4020 garbarum
394 3963 519 4035 inprimis
546 3963 619 4016 vitae
643 3977 728 4034 genus
751 3969 869 4017 sectatus
899 3969 928 4016 et
951 3959 1026 4014 bella
1053 3975 1159 4030 semper
1180 3958 1301 4028 proclin-

222 4052 278 4109 qae
295 4037 481 4109 spiransque
498 4042 589 4108 pacto,
599 4033 722 4108 ingram,
740 4033 789 4106 qui
806 4031 846 4086 ita
863 4032 946 4093 vitam
962 4030 1095 4096 instituit,
1111 4027 1237 4090 videatur
1246 4029 1300 4084 sli-
