<?xml version="1.0" encoding="UTF-8"?>
<!DOCTYPE html PUBLIC "-//W3C//DTD XHTML 1.0 Transitional//EN"
    "http://www.w3.org/TR/xhtml1/DTD/xhtml1-transitional.dtd">
<html xmlns="http://www.w3.org/1999/xhtml" xml:lang="en" lang="en">
 <head>
  <title>
</title>
<meta http-equiv="Content-Type" content="text/html;charset=utf-8" />
  <meta name='ocr-system' content='tesseract 3.04.00' />
  <meta name='ocr-capabilities' content='ocr_page ocr_carea ocr_par ocr_line ocrx_word'/>
</head>
<body>
  <div class='ocr_page' id='page_1' title='image "./corpusscriptoru55theogoog/corpusscriptoru55theogoog_0040.png"; bbox 0 0 2900 4792; ppageno 0'>
   <div class='ocr_carea' id='block_1_1' title="bbox 280 205 937 286">
    <p class='ocr_par' dir='ltr' id='par_1_1' title="bbox 280 205 937 286">
     <span class='ocr_line' id='line_1_1' title="bbox 280 205 937 286; baseline -0.005 -13"><span class='ocrx_word' id='word_1_1' title='bbox 280 207 402 273; x_wconf 80' lang='lat' dir='ltr'>xxxvl</span> <span class='ocrx_word' id='word_1_2' title='bbox 619 269 629 286; x_wconf 65' lang='grc'><strong>,</strong></span> <span class='ocrx_word' id='word_1_3' title='bbox 680 205 716 272; x_wconf 80' lang='grc' dir='ltr'>Β.</span> <span class='ocrx_word' id='word_1_4' title='bbox 747 205 937 273; x_wconf 74' lang='lat' dir='ltr'>VUffihllll</span> 
     </span>
    </p>
   </div>
   <div class='ocr_carea' id='block_1_2' title="bbox 277 354 1355 447">
    <p class='ocr_par' dir='ltr' id='par_1_2' title="bbox 277 354 1355 447">
     <span class='ocr_line' id='line_1_2' title="bbox 277 354 1355 447; baseline -0.009 -22"><span class='ocrx_word' id='word_1_5' title='bbox 277 363 320 426; x_wconf 86' lang='lat' dir='ltr'>tis</span> <span class='ocrx_word' id='word_1_6' title='bbox 340 370 412 447; x_wconf 90' lang='lat' dir='ltr'>post</span> <span class='ocrx_word' id='word_1_7' title='bbox 436 359 597 424; x_wconf 83' lang='lat' dir='ltr'>me&#39;nsihus</span> <span class='ocrx_word' id='word_1_8' title='bbox 617 357 782 441; x_wconf 73' lang='lat' dir='ltr'>Agathinus</span> <span class='ocrx_word' id='word_1_9' title='bbox 809 359 874 421; x_wconf 85' lang='lat' dir='ltr'>MS.</span> <span class='ocrx_word' id='word_1_10' title='bbox 904 379 923 419; x_wconf 88' lang='lat' dir='ltr'>a</span> <span class='ocrx_word' id='word_1_11' title='bbox 945 354 1188 420; x_wconf 81' lang='lat' dir='ltr'>bibliothecario</span> <span class='ocrx_word' id='word_1_12' title='bbox 1218 355 1355 420; x_wconf 84' lang='lat' dir='ltr'>domum</span> 
     </span>
    </p>
   </div>
   <div class='ocr_carea' id='block_1_3' title="bbox 205 453 1431 2112">
    <p class='ocr_par' dir='ltr' id='par_1_3' title="bbox 205 453 1431 2112">
     <span class='ocr_line' id='line_1_3' title="bbox 278 453 1431 543; baseline -0.009 -19"><span class='ocrx_word' id='word_1_13' title='bbox 278 482 409 524; x_wconf 82' lang='lat' dir='ltr'>reverso</span> <span class='ocrx_word' id='word_1_14' title='bbox 427 461 600 543; x_wconf 79' lang='lat' dir='ltr'><strong>diligenter</strong></span> <span class='ocrx_word' id='word_1_15' title='bbox 619 458 797 540; x_wconf 85' lang='lat' dir='ltr'>quaesitum</span> <span class='ocrx_word' id='word_1_16' title='bbox 821 478 1024 540; x_wconf 83' lang='lat' dir='ltr'>nequaquam</span> <span class='ocrx_word' id='word_1_17' title='bbox 1044 474 1244 538; x_wconf 67' lang='lat' dir='ltr'>comparere,</span> <span class='ocrx_word' id='word_1_18' title='bbox 1264 453 1359 536; x_wconf 80' lang='lat' dir='ltr'>quod</span> <span class='ocrx_word' id='word_1_19' title='bbox 1421 467 1431 483; x_wconf 55' lang='lat'>⁸</span> 
     </span>
     <span class='ocr_line' id='line_1_4' title="bbox 278 553 1356 642; baseline -0.008 -21"><span class='ocrx_word' id='word_1_20' title='bbox 278 560 456 642; x_wconf 82' lang='lat' dir='ltr'>quidemst</span> <span class='ocrx_word' id='word_1_21' title='bbox 473 579 524 620; x_wconf 88' lang='lat' dir='ltr'>me</span> <span class='ocrx_word' id='word_1_22' title='bbox 541 567 574 621; x_wconf 87' lang='lat' dir='ltr'>et</span> <span class='ocrx_word' id='word_1_23' title='bbox 587 557 660 619; x_wconf 91' lang='lat' dir='ltr'>illos</span> <span class='ocrx_word' id='word_1_24' title='bbox 672 557 806 640; x_wconf 88' lang='lat' dir='ltr'>pessime</span> <span class='ocrx_word' id='word_1_25' title='bbox 824 555 953 618; x_wconf 82' lang='lat' dir='ltr'>hahuits</span> <span class='ocrx_word' id='word_1_26' title='bbox 974 573 1041 634; x_wconf 83' lang='lat' dir='ltr'>ms,</span> <span class='ocrx_word' id='word_1_27' title='bbox 1062 553 1104 619; x_wconf 91' lang='lat' dir='ltr'>ob</span> <span class='ocrx_word' id='word_1_28' title='bbox 1121 574 1241 615; x_wconf 87' lang='lat' dir='ltr'>mosam</span> <span class='ocrx_word' id='word_1_29' title='bbox 1253 573 1356 634; x_wconf 85' lang='lat' dir='ltr'>quam</span> 
     </span>
     <span class='ocr_line' id='line_1_5' title="bbox 279 649 1354 738; baseline -0.009 -18"><span class='ocrx_word' id='word_1_30' title='bbox 279 658 415 720; x_wconf 87' lang='lat' dir='ltr'>editioni</span> <span class='ocrx_word' id='word_1_31' title='bbox 440 677 519 718; x_wconf 81' lang='lat' dir='ltr'>sana</span> <span class='ocrx_word' id='word_1_32' title='bbox 545 677 615 717; x_wconf 87' lang='lat' dir='ltr'>men</span> <span class='ocrx_word' id='word_1_33' title='bbox 636 675 692 738; x_wconf 87' lang='lat' dir='ltr'>spe</span> <span class='ocrx_word' id='word_1_34' title='bbox 716 654 867 715; x_wconf 85' lang='lat' dir='ltr'>iniectam</span> <span class='ocrx_word' id='word_1_35' title='bbox 889 653 1053 733; x_wconf 73' lang='lat' dir='ltr'>sideham,</span> <span class='ocrx_word' id='word_1_36' title='bbox 1083 651 1182 723; x_wconf 91' lang='lat' dir='ltr'>illos,</span> <span class='ocrx_word' id='word_1_37' title='bbox 1209 649 1295 733; x_wconf 83' lang='lat' dir='ltr'>quod</span> <span class='ocrx_word' id='word_1_38' title='bbox 1315 649 1354 710; x_wconf 85' lang='lat' dir='ltr'>in</span> 
     </span>
     <span class='ocr_line' id='line_1_6' title="bbox 278 747 1355 836; baseline -0.006 -17"><span class='ocrx_word' id='word_1_39' title='bbox 278 754 471 819; x_wconf 67' lang='lat' dir='ltr'><strong>bibliotheca</strong></span> <span class='ocrx_word' id='word_1_40' title='bbox 494 775 549 816; x_wconf 85' lang='lat' dir='ltr'>sun</span> <span class='ocrx_word' id='word_1_41' title='bbox 566 757 664 836; x_wconf 87' lang='lat' dir='ltr'>q&#39;uem</span> <span class='ocrx_word' id='word_1_42' title='bbox 681 753 850 836; x_wconf 86' lang='lat' dir='ltr'>sperabant</span> <span class='ocrx_word' id='word_1_43' title='bbox 867 752 1051 813; x_wconf 86' lang='lat' dir='ltr'>thesaurum</span> <span class='ocrx_word' id='word_1_44' title='bbox 1068 771 1132 811; x_wconf 89' lang='lat' dir='ltr'>uon</span> <span class='ocrx_word' id='word_1_45' title='bbox 1148 747 1355 832; x_wconf 84' lang='lat' dir='ltr'>reperissent.</span> 
     </span>
     <span class='ocr_line' id='line_1_7' title="bbox 225 839 1357 938; baseline -0.011 -21"><span class='ocrx_word' id='word_1_46' title='bbox 225 923 227 928; x_wconf 49' lang='grc'><strong>,</strong></span> <span class='ocrx_word' id='word_1_47' title='bbox 270 839 345 938; x_wconf 74' lang='lat' dir='ltr'>¹Ego</span> <span class='ocrx_word' id='word_1_48' title='bbox 366 855 483 936; x_wconf 81' lang='lat' dir='ltr'>itaque,</span> <span class='ocrx_word' id='word_1_49' title='bbox 506 841 546 912; x_wconf 82' lang='lat' dir='ltr'>ne</span> <span class='ocrx_word' id='word_1_50' title='bbox 575 850 654 913; x_wconf 91' lang='lat' dir='ltr'>mihi</span> <span class='ocrx_word' id='word_1_51' title='bbox 681 851 749 933; x_wconf 84' lang='lat' dir='ltr'>ipse</span> <span class='ocrx_word' id='word_1_52' title='bbox 773 850 919 933; x_wconf 74' lang='lat' dir='ltr'>longiore</span> <span class='ocrx_word' id='word_1_53' title='bbox 944 869 1032 912; x_wconf 87' lang='lat' dir='ltr'>mora</span> <span class='ocrx_word' id='word_1_54' title='bbox 1056 847 1236 924; x_wconf 83' lang='lat' dir='ltr'>efficerem,</span> <span class='ocrx_word' id='word_1_55' title='bbox 1268 864 1357 905; x_wconf 81' lang='lat' dir='ltr'>nese</span> 
     </span>
     <span class='ocr_line' id='line_1_8' title="bbox 276 941 1356 1036; baseline -0.012 -23"><span class='ocrx_word' id='word_1_56' title='bbox 276 951 375 1034; x_wconf 78' lang='lat' dir='ltr'>(quod</span> <span class='ocrx_word' id='word_1_57' title='bbox 402 951 435 1014; x_wconf 89' lang='lat' dir='ltr'>in</span> <span class='ocrx_word' id='word_1_58' title='bbox 453 950 568 1036; x_wconf 84' lang='lat' dir='ltr'>Cyrilli</span> <span class='ocrx_word' id='word_1_59' title='bbox 587 947 799 1012; x_wconf 74' lang='lat' dir='ltr'>Alexandrini</span> <span class='ocrx_word' id='word_1_60' title='bbox 829 946 919 1010; x_wconf 86' lang='lat' dir='ltr'>libris</span> <span class='ocrx_word' id='word_1_61' title='bbox 945 948 984 1010; x_wconf 86' lang='lat' dir='ltr'>de</span> <span class='ocrx_word' id='word_1_62' title='bbox 1009 945 1194 1009; x_wconf 71' lang='lat' dir='ltr'><strong>adoratione</strong></span> <span class='ocrx_word' id='word_1_63' title='bbox 1230 942 1264 1002; x_wconf 89' lang='lat' dir='ltr'>in</span> <span class='ocrx_word' id='word_1_64' title='bbox 1285 941 1356 1024; x_wconf 79' lang='lat' dir='ltr'>spi..</span> 
     </span>
     <span class='ocr_line' id='line_1_9' title="bbox 205 1034 1356 1131; baseline -0.012 -17"><span class='ocrx_word' id='word_1_65' title='bbox 205 1034 209 1048; x_wconf 54' lang='lat'><strong><em>¹</em></strong></span> <span class='ocrx_word' id='word_1_66' title='bbox 275 1051 341 1113; x_wconf 91' lang='lat' dir='ltr'>ritu</span> <span class='ocrx_word' id='word_1_67' title='bbox 359 1059 392 1112; x_wconf 89' lang='lat' dir='ltr'>et</span> <span class='ocrx_word' id='word_1_68' title='bbox 408 1049 561 1129; x_wconf 81' lang='lat' dir='ltr'>veritate,</span> <span class='ocrx_word' id='word_1_69' title='bbox 582 1057 615 1109; x_wconf 89' lang='lat' dir='ltr'>at</span> <span class='ocrx_word' id='word_1_70' title='bbox 634 1047 667 1108; x_wconf 89' lang='lat' dir='ltr'>in</span> <span class='ocrx_word' id='word_1_71' title='bbox 689 1045 837 1108; x_wconf 78' lang='lat' dir='ltr'>Concilio</span> <span class='ocrx_word' id='word_1_72' title='bbox 850 1045 1013 1131; x_wconf 85' lang='lat' dir='ltr'>Ephesino</span> <span class='ocrx_word' id='word_1_73' title='bbox 1026 1065 1164 1128; x_wconf 64' lang='lat' dir='ltr'>gracco,</span> <span class='ocrx_word' id='word_1_74' title='bbox 1190 1042 1253 1103; x_wconf 90' lang='lat' dir='ltr'>iam</span> <span class='ocrx_word' id='word_1_75' title='bbox 1265 1039 1356 1102; x_wconf 88' lang='lat' dir='ltr'>acci-</span> 
     </span>
     <span class='ocr_line' id='line_1_10' title="bbox 276 1139 1355 1228; baseline -0.009 -16"><span class='ocrx_word' id='word_1_76' title='bbox 276 1149 342 1227; x_wconf 90' lang='lat' dir='ltr'>dit,</span> <span class='ocrx_word' id='word_1_77' title='bbox 366 1157 399 1209; x_wconf 90' lang='lat' dir='ltr'>et</span> <span class='ocrx_word' id='word_1_78' title='bbox 412 1167 525 1212; x_wconf 81' lang='lat' dir='ltr'>vereor</span> <span class='ocrx_word' id='word_1_79' title='bbox 543 1168 585 1209; x_wconf 82' lang='lat' dir='ltr'>ne</span> <span class='ocrx_word' id='word_1_80' title='bbox 603 1146 696 1209; x_wconf 87' lang='lat' dir='ltr'>etiam</span> <span class='ocrx_word' id='word_1_81' title='bbox 712 1145 745 1205; x_wconf 90' lang='lat' dir='ltr'>in</span> <span class='ocrx_word' id='word_1_82' title='bbox 761 1145 903 1207; x_wconf 88' lang='lat' dir='ltr'>Nicaeno</span> <span class='ocrx_word' id='word_1_83' title='bbox 929 1163 1041 1228; x_wconf 75' lang='lat' dir='ltr'>graeco</span> <span class='ocrx_word' id='word_1_84' title='bbox 1063 1142 1203 1220; x_wconf 80' lang='lat' dir='ltr'>accidat)</span> <span class='ocrx_word' id='word_1_85' title='bbox 1218 1140 1259 1202; x_wconf 82' lang='lat' dir='ltr'>eh</span> <span class='ocrx_word' id='word_1_86' title='bbox 1278 1139 1355 1202; x_wconf 79' lang='lat' dir='ltr'>eliis</span> 
     </span>
     <span class='ocr_line' id='line_1_11' title="bbox 274 1235 1355 1331; baseline -0.01 -24"><span class='ocrx_word' id='word_1_87' title='bbox 274 1245 497 1331; x_wconf 79' lang='lat' dir='ltr'>praevenirer,</span> <span class='ocrx_word' id='word_1_88' title='bbox 519 1243 662 1328; x_wconf 76' lang='lat' dir='ltr'>mihique</span> <span class='ocrx_word' id='word_1_89' title='bbox 677 1252 709 1304; x_wconf 88' lang='lat' dir='ltr'>et</span> <span class='ocrx_word' id='word_1_90' title='bbox 723 1242 815 1304; x_wconf 89' lang='lat' dir='ltr'>labor</span> <span class='ocrx_word' id='word_1_91' title='bbox 832 1242 935 1304; x_wconf 87' lang='lat' dir='ltr'>omnis</span> <span class='ocrx_word' id='word_1_92' title='bbox 954 1263 1061 1319; x_wconf 86' lang='lat' dir='ltr'>meus,</span> <span class='ocrx_word' id='word_1_93' title='bbox 1093 1249 1125 1303; x_wconf 90' lang='lat' dir='ltr'>et</span> <span class='ocrx_word' id='word_1_94' title='bbox 1145 1239 1247 1301; x_wconf 90' lang='lat' dir='ltr'>honos</span> <span class='ocrx_word' id='word_1_95' title='bbox 1272 1235 1355 1318; x_wconf 85' lang='lat' dir='ltr'>qui·</span> 
     </span>
     <span class='ocr_line' id='line_1_12' title="bbox 266 1335 1355 1432; baseline -0.011 -24"><span class='ocrx_word' id='word_1_96' title='bbox 266 1365 404 1432; x_wconf 27' lang='lat' dir='ltr'>&#39;cunque</span> <span class='ocrx_word' id='word_1_97' title='bbox 423 1365 464 1407; x_wconf 81' lang='lat' dir='ltr'>ex</span> <span class='ocrx_word' id='word_1_98' title='bbox 483 1342 544 1407; x_wconf 88' lang='lat' dir='ltr'>hac</span> <span class='ocrx_word' id='word_1_99' title='bbox 556 1363 653 1406; x_wconf 85' lang='lat' dir='ltr'>srena</span> <span class='ocrx_word' id='word_1_100' title='bbox 672 1339 790 1404; x_wconf 87' lang='lat' dir='ltr'>laboris</span> <span class='ocrx_word' id='word_1_101' title='bbox 811 1340 906 1424; x_wconf 85' lang='lat' dir='ltr'>plens</span> <span class='ocrx_word' id='word_1_102' title='bbox 922 1339 1097 1424; x_wconf 82' lang='lat' dir='ltr'>exspectari</span> <span class='ocrx_word' id='word_1_103' title='bbox 1110 1347 1224 1422; x_wconf 90' lang='lat' dir='ltr'>potest,</span> <span class='ocrx_word' id='word_1_104' title='bbox 1245 1335 1355 1399; x_wconf 78' lang='lat' dir='ltr'>veluti</span> 
     </span>
     <span class='ocr_line' id='line_1_13' title="bbox 269 1431 1354 1525; baseline -0.01 -19"><span class='ocrx_word' id='word_1_105' title='bbox 269 1431 293 1506; x_wconf 63' lang='lat' dir='ltr'>=e</span> <span class='ocrx_word' id='word_1_106' title='bbox 310 1443 453 1525; x_wconf 81' lang='lat' dir='ltr'>manibus</span> <span class='ocrx_word' id='word_1_107' title='bbox 468 1442 664 1525; x_wconf 76' lang='lat' dir='ltr'>eriperetur:</span> <span class='ocrx_word' id='word_1_108' title='bbox 687 1439 864 1501; x_wconf 78' lang='lat' dir='ltr'>editionem</span> <span class='ocrx_word' id='word_1_109' title='bbox 885 1439 1004 1501; x_wconf 87' lang='lat' dir='ltr'>diutius</span> <span class='ocrx_word' id='word_1_110' title='bbox 1025 1436 1250 1515; x_wconf 79' lang='lat' dir='ltr'>differendam,</span> <span class='ocrx_word' id='word_1_111' title='bbox 1272 1434 1354 1497; x_wconf 87' lang='lat' dir='ltr'>dum</span> 
     </span>
     <span class='ocr_line' id='line_1_14' title="bbox 275 1531 1352 1622; baseline -0.009 -20"><span class='ocrx_word' id='word_1_112' title='bbox 275 1531 469 1622; x_wconf 70' lang='lat' dir='ltr'>civss&#39;ypapos</span> <span class='ocrx_word' id='word_1_113' title='bbox 488 1537 619 1622; x_wconf 76' lang='lat' dir='ltr'>aliquod</span> <span class='ocrx_word' id='word_1_114' title='bbox 640 1537 823 1614; x_wconf 87' lang='lat' dir='ltr'>offerretur,</span> <span class='ocrx_word' id='word_1_115' title='bbox 843 1559 909 1598; x_wconf 86' lang='lat' dir='ltr'>non</span> <span class='ocrx_word' id='word_1_116' title='bbox 932 1538 1062 1616; x_wconf 88' lang='lat' dir='ltr'>censui,</span> <span class='ocrx_word' id='word_1_117' title='bbox 1083 1535 1253 1620; x_wconf 82' lang='lat' dir='ltr'>praecipue</span> <span class='ocrx_word' id='word_1_118' title='bbox 1272 1553 1352 1594; x_wconf 90' lang='lat' dir='ltr'>cum</span> 
     </span>
     <span class='ocr_line' id='line_1_15' title="bbox 274 1630 1351 1719; baseline -0.006 -22"><span class='ocrx_word' id='word_1_119' title='bbox 274 1633 453 1719; x_wconf 80' lang='lat' dir='ltr'>plausoris</span> <span class='ocrx_word' id='word_1_120' title='bbox 479 1632 585 1719; x_wconf 74' lang='grc' dir='ltr'><strong><em>ἀγαθῇ</em></strong></span> <span class='ocrx_word' id='word_1_121' title='bbox 600 1630 680 1719; x_wconf 69' lang='grc' dir='ltr'>τύχῃ</span> <span class='ocrx_word' id='word_1_122' title='bbox 704 1634 875 1696; x_wconf 82' lang='lat' dir='ltr'>affulsisset</span> <span class='ocrx_word' id='word_1_123' title='bbox 896 1634 1049 1718; x_wconf 82' lang='lat' dir='ltr'>Agathiae</span> <span class='ocrx_word' id='word_1_124' title='bbox 1072 1634 1190 1717; x_wconf 84' lang='lat' dir='ltr'>pariter</span> <span class='ocrx_word' id='word_1_125' title='bbox 1213 1631 1351 1695; x_wconf 88' lang='lat' dir='ltr'>etmihi</span> 
     </span>
     <span class='ocr_line' id='line_1_16' title="bbox 274 1729 1351 1818; baseline -0.005 -22"><span class='ocrx_word' id='word_1_126' title='bbox 274 1733 558 1818; x_wconf 68' lang='lat' dir='ltr'>auspicatissimum</span> <span class='ocrx_word' id='word_1_127' title='bbox 575 1733 657 1794; x_wconf 89' lang='lat' dir='ltr'>illud</span> <span class='ocrx_word' id='word_1_128' title='bbox 677 1733 795 1794; x_wconf 89' lang='lat' dir='ltr'>lulium</span> <span class='ocrx_word' id='word_1_129' title='bbox 811 1732 916 1804; x_wconf 83' lang='lat' dir='ltr'>sidus3</span> <span class='ocrx_word' id='word_1_130' title='bbox 938 1755 1090 1816; x_wconf 82' lang='lat' dir='ltr'>magnus,</span> <span class='ocrx_word' id='word_1_131' title='bbox 1112 1732 1259 1814; x_wconf 88' lang='lat' dir='ltr'>inquam,</span> <span class='ocrx_word' id='word_1_132' title='bbox 1288 1729 1351 1792; x_wconf 88' lang='lat' dir='ltr'>ille</span> 
     </span>
     <span class='ocr_line' id='line_1_17' title="bbox 274 1829 1351 1918; baseline -0.006 -22"><span class='ocrx_word' id='word_1_133' title='bbox 274 1832 429 1917; x_wconf 83' lang='lat' dir='ltr'>Iosephus</span> <span class='ocrx_word' id='word_1_134' title='bbox 444 1833 605 1918; x_wconf 77' lang='lat' dir='ltr'>Scaliger,</span> <span class='ocrx_word' id='word_1_135' title='bbox 627 1830 831 1906; x_wconf 79' lang='lat' dir='ltr'>maximilul.</span> <span class='ocrx_word' id='word_1_136' title='bbox 853 1830 994 1895; x_wconf 76' lang='lat' dir='ltr'>Caesaris</span> <span class='ocrx_word' id='word_1_137' title='bbox 1009 1833 1044 1898; x_wconf 89' lang='lat' dir='ltr'>F.</span> <span class='ocrx_word' id='word_1_138' title='bbox 1060 1832 1118 1914; x_wconf 87' lang='lat' dir='ltr'>qui</span> <span class='ocrx_word' id='word_1_139' title='bbox 1130 1831 1209 1892; x_wconf 89' lang='lat' dir='ltr'>mihi</span> <span class='ocrx_word' id='word_1_140' title='bbox 1219 1829 1351 1906; x_wconf 87' lang='lat' dir='ltr'>merito,</span> 
     </span>
     <span class='ocr_line' id='line_1_18' title="bbox 273 1918 1353 2016; baseline -0.005 -24"><span class='ocrx_word' id='word_1_141' title='bbox 273 1933 399 2014; x_wconf 88' lang='lat' dir='ltr'>quoties</span> <span class='ocrx_word' id='word_1_142' title='bbox 414 1931 531 2015; x_wconf 80' lang='lat' dir='ltr'>uliquis</span> <span class='ocrx_word' id='word_1_143' title='bbox 556 1930 672 2016; x_wconf 77' lang='lat' dir='ltr'>dignus</span> <span class='ocrx_word' id='word_1_144' title='bbox 691 1929 818 1992; x_wconf 78' lang='lat' dir='ltr'>vindice</span> <span class='ocrx_word' id='word_1_145' title='bbox 843 1931 946 1992; x_wconf 88' lang='lat' dir='ltr'>nodus</span> <span class='ocrx_word' id='word_1_146' title='bbox 964 1932 1119 2009; x_wconf 88' lang='lat' dir='ltr'>occurrit,</span> <span class='ocrx_word' id='word_1_147' title='bbox 1141 1918 1203 1992; x_wconf 83' lang='lat' dir='ltr'>fuit</span> <span class='ocrx_word' id='word_1_148' title='bbox 1220 1923 1353 2011; x_wconf 67' lang='lat' dir='ltr'>dispude-</span> 
     </span>
     <span class='ocr_line' id='line_1_19' title="bbox 273 2021 1350 2112; baseline -0.005 -21"><span class='ocrx_word' id='word_1_149' title='bbox 273 2023 390 2091; x_wconf 75' lang='grc' dir='ltr'><em>πάτου</em></span> <span class='ocrx_word' id='word_1_150' title='bbox 406 2021 600 2112; x_wconf 69' lang='grc' dir='ltr'>ἀντιγράφου</span> <span class='ocrx_word' id='word_1_151' title='bbox 617 2023 713 2110; x_wconf 55' lang='lat' dir='ltr'>deisque</span> <span class='ocrx_word' id='word_1_152' title='bbox 738 2027 840 2092; x_wconf 86' lang='lat' dir='ltr'>Cuius</span> <span class='ocrx_word' id='word_1_153' title='bbox 852 2029 985 2111; x_wconf 87' lang='lat' dir='ltr'>quidem</span> <span class='ocrx_word' id='word_1_154' title='bbox 993 2029 1204 2111; x_wconf 79' lang='lat' dir='ltr'>optatissimus</span> <span class='ocrx_word' id='word_1_155' title='bbox 1215 2028 1248 2090; x_wconf 88' lang='lat' dir='ltr'>iu</span> <span class='ocrx_word' id='word_1_156' title='bbox 1261 2027 1350 2088; x_wconf 88' lang='lat' dir='ltr'>hane</span> 
     </span>
    </p>
   </div>
   <div class='ocr_carea' id='block_1_4' title="bbox 129 2126 1350 2216">
    <p class='ocr_par' dir='ltr' id='par_1_4' title="bbox 129 2126 1350 2216">
     <span class='ocr_line' id='line_1_20' title="bbox 129 2126 1350 2216; baseline -0.003 -25"><span class='ocrx_word' id='word_1_157' title='bbox 129 2135 136 2150; x_wconf 62' lang='lat'>⁸</span> <span class='ocrx_word' id='word_1_158' title='bbox 272 2127 476 2191; x_wconf 76' lang='lat' dir='ltr'>Academiam</span> <span class='ocrx_word' id='word_1_159' title='bbox 501 2128 655 2189; x_wconf 79' lang='lat' dir='ltr'>adventus</span> <span class='ocrx_word' id='word_1_160' title='bbox 679 2127 802 2188; x_wconf 90' lang='lat' dir='ltr'>utinam</span> <span class='ocrx_word' id='word_1_161' title='bbox 832 2126 964 2216; x_wconf 68' lang='lat' dir='ltr'>leticum</span> <span class='ocrx_word' id='word_1_162' title='bbox 977 2127 1129 2210; x_wconf 77' lang='lat' dir='ltr'>Agathiae</span> <span class='ocrx_word' id='word_1_163' title='bbox 1145 2127 1209 2189; x_wconf 90' lang='lat' dir='ltr'>mei</span> <span class='ocrx_word' id='word_1_164' title='bbox 1230 2126 1350 2188; x_wconf 87' lang='lat' dir='ltr'>editio·</span> 
     </span>
    </p>
   </div>
   <div class='ocr_carea' id='block_1_5' title="bbox 194 2224 1350 2505">
    <p class='ocr_par' dir='ltr' id='par_1_5' title="bbox 194 2224 1350 2505">
     <span class='ocr_line' id='line_1_21' title="bbox 273 2224 1350 2307; baseline -0.002 -21"><span class='ocrx_word' id='word_1_165' title='bbox 273 2249 347 2289; x_wconf 90' lang='lat' dir='ltr'>nem</span> <span class='ocrx_word' id='word_1_166' title='bbox 366 2224 600 2288; x_wconf 79' lang='lat' dir='ltr'>antevertissctl</span> <span class='ocrx_word' id='word_1_167' title='bbox 621 2224 800 2288; x_wconf 88' lang='lat' dir='ltr'>Plurimum</span> <span class='ocrx_word' id='word_1_168' title='bbox 812 2224 898 2286; x_wconf 90' lang='lat' dir='ltr'>enim</span> <span class='ocrx_word' id='word_1_169' title='bbox 917 2225 1007 2288; x_wconf 92' lang='lat' dir='ltr'>illius</span> <span class='ocrx_word' id='word_1_170' title='bbox 1019 2225 1215 2288; x_wconf 85' lang='lat' dir='ltr'>literatorum</span> <span class='ocrx_word' id='word_1_171' title='bbox 1223 2224 1350 2307; x_wconf 90' lang='lat' dir='ltr'>priuci-</span> 
     </span>
     <span class='ocr_line' id='line_1_22' title="bbox 271 2322 1350 2408; baseline 0.002 -25"><span class='ocrx_word' id='word_1_172' title='bbox 271 2325 319 2408; x_wconf 85' lang='lat' dir='ltr'>pis</span> <span class='ocrx_word' id='word_1_173' title='bbox 341 2322 511 2386; x_wconf 84' lang='lat' dir='ltr'>iudiciuin</span> <span class='ocrx_word' id='word_1_174' title='bbox 534 2323 614 2385; x_wconf 86' lang='lat' dir='ltr'>locis</span> <span class='ocrx_word' id='word_1_175' title='bbox 635 2322 803 2385; x_wconf 87' lang='lat' dir='ltr'>nonnullis</span> <span class='ocrx_word' id='word_1_176' title='bbox 814 2322 854 2384; x_wconf 88' lang='lat' dir='ltr'>de</span> <span class='ocrx_word' id='word_1_177' title='bbox 875 2324 992 2408; x_wconf 87' lang='lat' dir='ltr'>quihus</span> <span class='ocrx_word' id='word_1_178' title='bbox 1004 2322 1202 2406; x_wconf 77' lang='lat' dir='ltr'>ambigebam</span> <span class='ocrx_word' id='word_1_179' title='bbox 1217 2322 1350 2385; x_wconf 86' lang='lat' dir='ltr'>tribuis·</span> 
     </span>
     <span class='ocr_line' id='line_1_23' title="bbox 194 2419 1348 2505; baseline 0 -23"><span class='ocrx_word' id='word_1_180' title='bbox 194 2479 198 2495; x_wconf 69' lang='grc'><strong>,</strong></span> <span class='ocrx_word' id='word_1_181' title='bbox 269 2443 345 2493; x_wconf 88' lang='lat' dir='ltr'>sem;</span> <span class='ocrx_word' id='word_1_182' title='bbox 364 2419 416 2483; x_wconf 92' lang='lat' dir='ltr'>cui</span> <span class='ocrx_word' id='word_1_183' title='bbox 426 2419 589 2481; x_wconf 81' lang='lat' dir='ltr'>universus</span> <span class='ocrx_word' id='word_1_184' title='bbox 607 2420 773 2505; x_wconf 82' lang='lat' dir='ltr'>doctorum</span> <span class='ocrx_word' id='word_1_185' title='bbox 785 2422 1065 2482; x_wconf 85' lang='lat' dir='ltr'>consessuslihens</span> <span class='ocrx_word' id='word_1_186' title='bbox 1072 2422 1216 2504; x_wconf 80' lang='lat' dir='ltr'>assurgit,</span> <span class='ocrx_word' id='word_1_187' title='bbox 1229 2421 1348 2482; x_wconf 84' lang='lat' dir='ltr'>fascea·</span> 
     </span>
    </p>
   </div>
   <div class='ocr_carea' id='block_1_6' title="bbox 171 2516 1348 2601">
    <p class='ocr_par' dir='ltr' id='par_1_6' title="bbox 171 2516 1348 2601">
     <span class='ocr_line' id='line_1_24' title="bbox 171 2516 1348 2601; baseline -0.002 -21"><span class='ocrx_word' id='word_1_188' title='bbox 171 2583 176 2592; x_wconf 69' lang='grc'><strong>,</strong></span> <span class='ocrx_word' id='word_1_189' title='bbox 269 2516 509 2601; x_wconf 70' lang='lat' dir='ltr'>quesubmittit,</span> <span class='ocrx_word' id='word_1_190' title='bbox 534 2517 703 2598; x_wconf 87' lang='lat' dir='ltr'>Superest,</span> <span class='ocrx_word' id='word_1_191' title='bbox 733 2517 869 2578; x_wconf 88' lang='lat' dir='ltr'>candide</span> <span class='ocrx_word' id='word_1_192' title='bbox 891 2517 1012 2595; x_wconf 89' lang='lat' dir='ltr'>lector,</span> <span class='ocrx_word' id='word_1_193' title='bbox 1034 2528 1071 2579; x_wconf 90' lang='lat' dir='ltr'>ut</span> <span class='ocrx_word' id='word_1_194' title='bbox 1098 2539 1227 2601; x_wconf 83' lang='lat' dir='ltr'>operam</span> <span class='ocrx_word' id='word_1_195' title='bbox 1241 2537 1348 2579; x_wconf 84' lang='lat' dir='ltr'>meam</span> 
     </span>
    </p>
   </div>
   <div class='ocr_carea' id='block_1_7' title="bbox 269 2612 1367 2701">
    <p class='ocr_par' dir='ltr' id='par_1_7' title="bbox 269 2612 1367 2701">
     <span class='ocr_line' id='line_1_25' title="bbox 269 2612 1367 2701; baseline 0.003 -27"><span class='ocrx_word' id='word_1_196' title='bbox 269 2635 365 2698; x_wconf 87' lang='lat' dir='ltr'>quam</span> <span class='ocrx_word' id='word_1_197' title='bbox 383 2613 495 2696; x_wconf 87' lang='lat' dir='ltr'>optimi</span> <span class='ocrx_word' id='word_1_198' title='bbox 517 2612 614 2676; x_wconf 86' lang='lat' dir='ltr'>huius</span> <span class='ocrx_word' id='word_1_199' title='bbox 632 2612 774 2676; x_wconf 74' lang='lat' dir='ltr'>authoris</span> <span class='ocrx_word' id='word_1_200' title='bbox 790 2614 925 2676; x_wconf 87' lang='lat' dir='ltr'>editioni</span> <span class='ocrx_word' id='word_1_201' title='bbox 949 2616 1270 2700; x_wconf 84' lang='lat' dir='ltr'>interpretationiquc</span> <span class='ocrx_word' id='word_1_202' title='bbox 1286 2616 1367 2701; x_wconf 46' lang='lat' dir='ltr'>imp</span> 
     </span>
    </p>
   </div>
   <div class='ocr_carea' id='block_1_8' title="bbox 269 2709 1444 2799">
    <p class='ocr_par' dir='ltr' id='par_1_8' title="bbox 269 2709 1444 2799">
     <span class='ocr_line' id='line_1_26' title="bbox 269 2709 1444 2799; baseline 0.004 -26"><span class='ocrx_word' id='word_1_203' title='bbox 269 2711 378 2797; x_wconf 91' lang='lat' dir='ltr'>pendi,</span> <span class='ocrx_word' id='word_1_204' title='bbox 393 2709 642 2788; x_wconf 74' lang='grc' dir='ltr'>Ιιοιιίοοιιιιιιιιι,Ι</span> <span class='ocrx_word' id='word_1_205' title='bbox 664 2721 786 2775; x_wconf 90' lang='lat' dir='ltr'>etcum</span> <span class='ocrx_word' id='word_1_206' title='bbox 811 2713 923 2797; x_wconf 87' lang='lat' dir='ltr'>apibus</span> <span class='ocrx_word' id='word_1_207' title='bbox 938 2715 1044 2799; x_wconf 89' lang='lat' dir='ltr'>potius</span> <span class='ocrx_word' id='word_1_208' title='bbox 1058 2713 1086 2778; x_wconf 90' lang='lat' dir='ltr'>si</span> <span class='ocrx_word' id='word_1_209' title='bbox 1102 2715 1181 2797; x_wconf 89' lang='lat' dir='ltr'>quid</span> <span class='ocrx_word' id='word_1_210' title='bbox 1200 2715 1233 2775; x_wconf 90' lang='lat' dir='ltr'>io</span> <span class='ocrx_word' id='word_1_211' title='bbox 1250 2736 1287 2776; x_wconf 89' lang='lat' dir='ltr'>ea</span> <span class='ocrx_word' id='word_1_212' title='bbox 1303 2713 1347 2778; x_wconf 90' lang='lat' dir='ltr'>sit</span> <span class='ocrx_word' id='word_1_213' title='bbox 1443 2728 1444 2739; x_wconf 61' lang='lat'>¹</span> 
     </span>
    </p>
   </div>
   <div class='ocr_carea' id='block_1_9' title="bbox 259 2811 1354 4182">
    <p class='ocr_par' dir='ltr' id='par_1_9' title="bbox 265 2811 1354 3388">
     <span class='ocr_line' id='line_1_27' title="bbox 267 2811 1345 2898; baseline 0.003 -22"><span class='ocrx_word' id='word_1_214' title='bbox 267 2811 347 2876; x_wconf 83' lang='lat' dir='ltr'>honi</span> <span class='ocrx_word' id='word_1_215' title='bbox 371 2811 538 2895; x_wconf 77' lang='lat' dir='ltr'>decerpes,</span> <span class='ocrx_word' id='word_1_216' title='bbox 560 2831 655 2894; x_wconf 87' lang='lat' dir='ltr'>quam</span> <span class='ocrx_word' id='word_1_217' title='bbox 676 2833 750 2874; x_wconf 91' lang='lat' dir='ltr'>cum</span> <span class='ocrx_word' id='word_1_218' title='bbox 769 2813 893 2876; x_wconf 79' lang='lat' dir='ltr'>araneis</span> <span class='ocrx_word' id='word_1_219' title='bbox 914 2813 941 2877; x_wconf 89' lang='lat' dir='ltr'>si</span> <span class='ocrx_word' id='word_1_220' title='bbox 967 2813 1046 2897; x_wconf 89' lang='lat' dir='ltr'>qnid</span> <span class='ocrx_word' id='word_1_221' title='bbox 1070 2814 1177 2878; x_wconf 82' lang='lat' dir='ltr'>vitiosi</span> <span class='ocrx_word' id='word_1_222' title='bbox 1198 2834 1345 2898; x_wconf 74' lang='lat' dir='ltr'>exsugas.</span> 
     </span>
     <span class='ocr_line' id='line_1_28' title="bbox 270 2905 1342 2996; baseline 0.002 -26"><span class='ocrx_word' id='word_1_223' title='bbox 270 2910 482 2972; x_wconf 76' lang='lat' dir='ltr'>Accesserant</span> <span class='ocrx_word' id='word_1_224' title='bbox 499 2907 659 2971; x_wconf 78' lang='lat' dir='ltr'>coronidis</span> <span class='ocrx_word' id='word_1_225' title='bbox 683 2909 753 2973; x_wconf 83' lang='lat' dir='ltr'>sice</span> <span class='ocrx_word' id='word_1_226' title='bbox 771 2910 924 2994; x_wconf 76' lang='lat' dir='ltr'>Agathino</span> <span class='ocrx_word' id='word_1_227' title='bbox 949 2913 1172 2996; x_wconf 71' lang='lat' dir='ltr'>epigrammata</span> <span class='ocrx_word' id='word_1_228' title='bbox 1208 2905 1342 2993; x_wconf 66' lang='lat' dir='ltr'>incursuri</span> 
     </span>
     <span class='ocr_line' id='line_1_29' title="bbox 268 3005 1354 3094; baseline 0 -24"><span class='ocrx_word' id='word_1_229' title='bbox 268 3007 310 3070; x_wconf 85' lang='lat' dir='ltr'>uh</span> <span class='ocrx_word' id='word_1_230' title='bbox 340 3008 458 3070; x_wconf 91' lang='lat' dir='ltr'>illustri</span> <span class='ocrx_word' id='word_1_231' title='bbox 478 3005 701 3092; x_wconf 78' lang='lat' dir='ltr'>virolosephc</span> <span class='ocrx_word' id='word_1_232' title='bbox 721 3008 884 3092; x_wconf 78' lang='lat' dir='ltr'>scaligero</span> <span class='ocrx_word' id='word_1_233' title='bbox 901 3010 1000 3073; x_wconf 77' lang='lat' dir='ltr'>latine</span> <span class='ocrx_word' id='word_1_234' title='bbox 1022 3029 1130 3090; x_wconf 83' lang='lat' dir='ltr'>versu,</span> <span class='ocrx_word' id='word_1_235' title='bbox 1158 3031 1264 3094; x_wconf 88' lang='lat' dir='ltr'>neque</span> <span class='ocrx_word' id='word_1_236' title='bbox 1285 3031 1354 3070; x_wconf 77' lang='grc' dir='ltr'>ιιι--</span> 
     </span>
     <span class='ocr_line' id='line_1_30' title="bbox 266 3105 1342 3194; baseline 0.005 -26"><span class='ocrx_word' id='word_1_237' title='bbox 266 3105 359 3170; x_wconf 90' lang='lat' dir='ltr'>tehac</span> <span class='ocrx_word' id='word_1_238' title='bbox 378 3113 460 3182; x_wconf 84' lang='lat' dir='ltr'>(uno</span> <span class='ocrx_word' id='word_1_239' title='bbox 490 3115 584 3189; x_wconf 87' lang='lat' dir='ltr'>atque</span> <span class='ocrx_word' id='word_1_240' title='bbox 612 3105 713 3170; x_wconf 87' lang='lat' dir='ltr'>altero</span> <span class='ocrx_word' id='word_1_241' title='bbox 737 3114 884 3192; x_wconf 86' lang='lat' dir='ltr'>excepto)</span> <span class='ocrx_word' id='word_1_242' title='bbox 908 3110 991 3192; x_wconf 82' lang='lat' dir='ltr'>typis</span> <span class='ocrx_word' id='word_1_243' title='bbox 1014 3110 1118 3190; x_wconf 82' lang='lat' dir='ltr'>edita,</span> <span class='ocrx_word' id='word_1_244' title='bbox 1147 3132 1231 3194; x_wconf 89' lang='lat' dir='ltr'>quae</span> <span class='ocrx_word' id='word_1_245' title='bbox 1252 3120 1342 3174; x_wconf 89' lang='lat' dir='ltr'>certe</span> 
     </span>
     <span class='ocr_line' id='line_1_31' title="bbox 266 3203 1343 3291; baseline 0.007 -27"><span class='ocrx_word' id='word_1_246' title='bbox 266 3205 427 3266; x_wconf 78' lang='lat' dir='ltr'>iuventuti</span> <span class='ocrx_word' id='word_1_247' title='bbox 448 3204 610 3288; x_wconf 67' lang='lat' dir='ltr'>petiitque</span> <span class='ocrx_word' id='word_1_248' title='bbox 638 3203 734 3266; x_wconf 84' lang='lat' dir='ltr'>veluti</span> <span class='ocrx_word' id='word_1_249' title='bbox 752 3227 857 3269; x_wconf 87' lang='lat' dir='ltr'>canon</span> <span class='ocrx_word' id='word_1_250' title='bbox 876 3207 1007 3290; x_wconf 89' lang='lat' dir='ltr'>quidam</span> <span class='ocrx_word' id='word_1_251' title='bbox 1026 3215 1123 3291; x_wconf 84' lang='lat' dir='ltr'>atque</span> <span class='ocrx_word' id='word_1_252' title='bbox 1140 3230 1252 3271; x_wconf 86' lang='lat' dir='ltr'>norma</span> <span class='ocrx_word' id='word_1_253' title='bbox 1265 3229 1343 3272; x_wconf 81' lang='lat' dir='ltr'>rer-</span> 
     </span>
     <span class='ocr_line' id='line_1_32' title="bbox 265 3302 922 3388; baseline 0.002 -24"><span class='ocrx_word' id='word_1_254' title='bbox 265 3302 356 3365; x_wconf 86' lang='lat' dir='ltr'>teudi</span> <span class='ocrx_word' id='word_1_255' title='bbox 377 3302 476 3364; x_wconf 80' lang='lat' dir='ltr'>letina</span> <span class='ocrx_word' id='word_1_256' title='bbox 498 3302 538 3365; x_wconf 90' lang='lat' dir='ltr'>de</span> <span class='ocrx_word' id='word_1_257' title='bbox 549 3303 675 3388; x_wconf 68' lang='lat' dir='ltr'>¹graecis</span> <span class='ocrx_word' id='word_1_258' title='bbox 689 3325 758 3368; x_wconf 81' lang='lat' dir='ltr'>esse</span> <span class='ocrx_word' id='word_1_259' title='bbox 773 3313 922 3387; x_wconf 85' lang='lat' dir='ltr'>possunt,</span> 
     </span>
    </p>

    <p class='ocr_par' dir='ltr' id='par_1_10' title="bbox 387 3396 1092 3489">
     <span class='ocr_line' id='line_1_33' title="bbox 387 3396 1092 3489; baseline 0.01 -27"><span class='ocrx_word' id='word_1_260' title='bbox 387 3397 530 3482; x_wconf 79' lang='grc' dir='ltr'><strong><em>Μορφῆς</em></strong></span> <span class='ocrx_word' id='word_1_261' title='bbox 545 3397 589 3472; x_wconf 74' lang='grc' dir='ltr'>ὥς</span> <span class='ocrx_word' id='word_1_262' title='bbox 606 3396 756 3476; x_wconf 80' lang='grc' dir='ltr'><strong><em>πλάσταις</em></strong></span> <span class='ocrx_word' id='word_1_263' title='bbox 775 3400 906 3466; x_wconf 74' lang='grc' dir='ltr'><em>κυάνεον</em></span> <span class='ocrx_word' id='word_1_264' title='bbox 919 3403 1092 3489; x_wconf 72' lang='grc' dir='ltr'><em>βλέφαρον.</em></span> 
     </span>
    </p>

    <p class='ocr_par' dir='ltr' id='par_1_11' title="bbox 259 3497 1340 4182">
     <span class='ocr_line' id='line_1_34' title="bbox 345 3497 1340 3584; baseline 0.009 -25"><span class='ocrx_word' id='word_1_265' title='bbox 345 3497 397 3559; x_wconf 84' lang='lat' dir='ltr'>Tu</span> <span class='ocrx_word' id='word_1_266' title='bbox 415 3497 510 3560; x_wconf 87' lang='lat' dir='ltr'>etiam</span> <span class='ocrx_word' id='word_1_267' title='bbox 532 3498 593 3578; x_wconf 88' lang='lat' dir='ltr'>his,</span> <span class='ocrx_word' id='word_1_268' title='bbox 613 3499 697 3563; x_wconf 86' lang='lat' dir='ltr'>hone</span> <span class='ocrx_word' id='word_1_269' title='bbox 714 3500 829 3581; x_wconf 87' lang='lat' dir='ltr'>lector,</span> <span class='ocrx_word' id='word_1_270' title='bbox 846 3511 937 3567; x_wconf 85' lang='lat' dir='ltr'>utere</span> <span class='ocrx_word' id='word_1_271' title='bbox 955 3513 988 3568; x_wconf 90' lang='lat' dir='ltr'>et</span> <span class='ocrx_word' id='word_1_272' title='bbox 1004 3507 1125 3584; x_wconf 74' lang='lat' dir='ltr'>fruere,</span> <span class='ocrx_word' id='word_1_273' title='bbox 1145 3513 1183 3568; x_wconf 86' lang='lat' dir='ltr'>ut</span> <span class='ocrx_word' id='word_1_274' title='bbox 1199 3515 1232 3568; x_wconf 90' lang='lat' dir='ltr'>et</span> <span class='ocrx_word' id='word_1_275' title='bbox 1253 3527 1340 3568; x_wconf 87' lang='lat' dir='ltr'>non·</span> 
     </span>
     <span class='ocr_line' id='line_1_35' title="bbox 265 3596 1339 3688; baseline 0.011 -28"><span class='ocrx_word' id='word_1_276' title='bbox 265 3597 364 3660; x_wconf 86' lang='lat' dir='ltr'>nullis</span> <span class='ocrx_word' id='word_1_277' title='bbox 392 3596 536 3660; x_wconf 84' lang='lat' dir='ltr'>eiusdem</span> <span class='ocrx_word' id='word_1_278' title='bbox 568 3599 721 3682; x_wconf 70' lang='lat' dir='ltr'>Agathino</span> <span class='ocrx_word' id='word_1_279' title='bbox 760 3601 1037 3684; x_wconf 81' lang='lat' dir='ltr'>epigrammatibus</span> <span class='ocrx_word' id='word_1_280' title='bbox 1071 3625 1153 3688; x_wconf 87' lang='lat' dir='ltr'>quae</span> <span class='ocrx_word' id='word_1_281' title='bbox 1194 3605 1339 3672; x_wconf 86' lang='lat' dir='ltr'>nobiliss.</span> 
     </span>
     <span class='ocr_line' id='line_1_36' title="bbox 262 3695 1337 3788; baseline 0.004 -28"><span class='ocrx_word' id='word_1_282' title='bbox 262 3695 520 3779; x_wconf 87' lang='lat' dir='ltr'>clarissimusque</span> <span class='ocrx_word' id='word_1_283' title='bbox 557 3697 607 3758; x_wconf 82' lang='lat' dir='ltr'>sir</span> <span class='ocrx_word' id='word_1_284' title='bbox 638 3699 732 3760; x_wconf 79' lang='lat' dir='ltr'>Iasus</span> <span class='ocrx_word' id='word_1_285' title='bbox 759 3701 869 3762; x_wconf 83' lang='lat' dir='ltr'>Dousa</span> <span class='ocrx_word' id='word_1_286' title='bbox 905 3701 1060 3764; x_wconf 75' lang='lat' dir='ltr'>Dominus</span> <span class='ocrx_word' id='word_1_287' title='bbox 1088 3723 1108 3764; x_wconf 87' lang='lat' dir='ltr'>s</span> <span class='ocrx_word' id='word_1_288' title='bbox 1131 3703 1337 3788; x_wconf 81' lang='lat' dir='ltr'>Noortwyck,</span> 
     </span>
     <span class='ocr_line' id='line_1_37' title="bbox 262 3797 1339 3881; baseline 0.01 -26"><span class='ocrx_word' id='word_1_289' title='bbox 262 3802 423 3874; x_wconf 71' lang='lat' dir='ltr'>muasgeta</span> <span class='ocrx_word' id='word_1_290' title='bbox 442 3803 561 3874; x_wconf 85' lang='lat' dir='ltr'>noster,</span> <span class='ocrx_word' id='word_1_291' title='bbox 593 3798 710 3875; x_wconf 81' lang='lat' dir='ltr'>vertit,</span> <span class='ocrx_word' id='word_1_292' title='bbox 731 3797 849 3879; x_wconf 86' lang='lat' dir='ltr'>quihus</span> <span class='ocrx_word' id='word_1_293' title='bbox 870 3806 904 3861; x_wconf 85' lang='lat' dir='ltr'>tc</span> <span class='ocrx_word' id='word_1_294' title='bbox 926 3799 1074 3864; x_wconf 84' lang='lat' dir='ltr'>fraudare</span> <span class='ocrx_word' id='word_1_295' title='bbox 1095 3802 1205 3881; x_wconf 90' lang='lat' dir='ltr'>nolui,</span> <span class='ocrx_word' id='word_1_296' title='bbox 1227 3811 1262 3863; x_wconf 92' lang='lat' dir='ltr'>ut</span> <span class='ocrx_word' id='word_1_297' title='bbox 1275 3823 1339 3866; x_wconf 90' lang='lat' dir='ltr'>nec</span> 
     </span>
     <span class='ocr_line' id='line_1_38' title="bbox 259 3891 1336 3978; baseline 0.013 -26"><span class='ocrx_word' id='word_1_298' title='bbox 259 3891 405 3956; x_wconf 81' lang='lat' dir='ltr'>¹nobiliss.</span> <span class='ocrx_word' id='word_1_299' title='bbox 439 3893 717 3978; x_wconf 88' lang='lat' dir='ltr'>doctissimumque</span> <span class='ocrx_word' id='word_1_300' title='bbox 740 3897 845 3958; x_wconf 82' lang='lat' dir='ltr'>sirum</span> <span class='ocrx_word' id='word_1_301' title='bbox 865 3898 1072 3963; x_wconf 86' lang='lat' dir='ltr'>Theodorum</span> <span class='ocrx_word' id='word_1_302' title='bbox 1094 3903 1268 3965; x_wconf 77' lang='lat' dir='ltr'>cantorum</span> <span class='ocrx_word' id='word_1_303' title='bbox 1295 3924 1336 3966; x_wconf 91' lang='lat' dir='ltr'>eo</span> 
     </span>
     <span class='ocr_line' id='line_1_39' title="bbox 262 3991 1331 4082; baseline 0.01 -28"><span class='ocrx_word' id='word_1_304' title='bbox 262 3993 405 4070; x_wconf 85' lang='lat' dir='ltr'>honore,</span> <span class='ocrx_word' id='word_1_305' title='bbox 427 3991 515 4074; x_wconf 89' lang='lat' dir='ltr'>quod</span> <span class='ocrx_word' id='word_1_306' title='bbox 535 3992 574 4056; x_wconf 85' lang='lat' dir='ltr'>de</span> <span class='ocrx_word' id='word_1_307' title='bbox 590 3994 670 4057; x_wconf 89' lang='lat' dir='ltr'>locis</span> <span class='ocrx_word' id='word_1_308' title='bbox 686 3995 839 4078; x_wconf 77' lang='lat' dir='ltr'>Agathine</span> <span class='ocrx_word' id='word_1_309' title='bbox 859 3997 1044 4077; x_wconf 85' lang='lat' dir='ltr'>nonnullis,</span> <span class='ocrx_word' id='word_1_310' title='bbox 1065 4021 1200 4082; x_wconf 84' lang='lat' dir='ltr'>quorum</span> <span class='ocrx_word' id='word_1_311' title='bbox 1219 4001 1331 4064; x_wconf 72' lang='lat' dir='ltr'>lectio‹</span> 
     </span>
     <span class='ocr_line' id='line_1_40' title="bbox 262 4091 1335 4182; baseline 0.004 -26"><span class='ocrx_word' id='word_1_312' title='bbox 262 4111 337 4157; x_wconf 85' lang='lat' dir='ltr'>nem</span> <span class='ocrx_word' id='word_1_313' title='bbox 358 4091 391 4154; x_wconf 86' lang='lat' dir='ltr'>in</span> <span class='ocrx_word' id='word_1_314' title='bbox 406 4091 506 4156; x_wconf 78' lang='lat' dir='ltr'>suida</span> <span class='ocrx_word' id='word_1_315' title='bbox 526 4091 646 4157; x_wconf 73' lang='lat' dir='ltr'>variare</span> <span class='ocrx_word' id='word_1_316' title='bbox 666 4106 866 4175; x_wconf 87' lang='lat' dir='ltr'>compererat</span> <span class='ocrx_word' id='word_1_317' title='bbox 881 4117 932 4159; x_wconf 91' lang='lat' dir='ltr'>me</span> <span class='ocrx_word' id='word_1_318' title='bbox 958 4117 1018 4182; x_wconf 89' lang='lat' dir='ltr'>per</span> <span class='ocrx_word' id='word_1_319' title='bbox 1038 4097 1146 4161; x_wconf 89' lang='lat' dir='ltr'>literas</span> <span class='ocrx_word' id='word_1_320' title='bbox 1162 4099 1335 4179; x_wconf 86' lang='lat' dir='ltr'>monuerit,</span> 
     </span>
    </p>
   </div>
   <div class='ocr_carea' id='block_1_10' title="bbox 0 0 1454 4792">
    <p class='ocr_par' dir='ltr' id='par_1_12' title="bbox 0 0 1454 4792">
     <span class='ocr_line' id='line_1_41' title="bbox 0 0 1454 4792; baseline 0 6"><span class='ocrx_word' id='word_1_321' title='bbox 0 0 1454 4792; x_wconf 95' lang='lat' dir='ltr'> </span> 
     </span>
    </p>
   </div>
  </div>
 </body>
</html>
