<?xml version="1.0" encoding="UTF-8"?>
<!DOCTYPE html PUBLIC "-//W3C//DTD XHTML 1.0 Transitional//EN"
    "http://www.w3.org/TR/xhtml1/DTD/xhtml1-transitional.dtd">
<html xmlns="http://www.w3.org/1999/xhtml" xml:lang="en" lang="en">
 <head>
  <title>
</title>
<meta http-equiv="Content-Type" content="text/html;charset=utf-8" />
  <meta name='ocr-system' content='tesseract 3.04.00' />
  <meta name='ocr-capabilities' content='ocr_page ocr_carea ocr_par ocr_line ocrx_word'/>
</head>
<body>
  <div class='ocr_page' id='page_1' title='image "./corpusscriptoru55theogoog/corpusscriptoru55theogoog_0030.png"; bbox 0 0 2900 4792; ppageno 0'>
   <div class='ocr_carea' id='block_1_1' title="bbox 326 751 1215 832">
    <p class='ocr_par' dir='ltr' id='par_1_1' title="bbox 326 751 1215 832">
     <span class='ocr_line' id='line_1_1' title="bbox 326 751 1215 832; baseline 0 -4"><span class='ocrx_word' id='word_1_1' title='bbox 326 751 1215 832; x_wconf 70' lang='lat' dir='ltr'><strong>e.VULCAN11EP18T0ue</strong></span> 
     </span>
    </p>
   </div>
   <div class='ocr_carea' id='block_1_2' title="bbox 334 1240 1213 1318">
    <p class='ocr_par' dir='ltr' id='par_1_2' title="bbox 334 1240 1213 1318">
     <span class='ocr_line' id='line_1_2' title="bbox 334 1240 1213 1318; baseline 0.003 -18"><span class='ocrx_word' id='word_1_2' title='bbox 334 1251 628 1306; x_wconf 63' lang='lat' dir='ltr'><strong>renueremus</strong></span> <span class='ocrx_word' id='word_1_3' title='bbox 661 1240 1061 1318; x_wconf 70' lang='lat' dir='ltr'><strong>Aurultsutleoutt</strong></span> <span class='ocrx_word' id='word_1_4' title='bbox 1090 1251 1213 1303; x_wconf 68' lang='lat' dir='ltr'><strong>VlRlss</strong></span> 
     </span>
    </p>
   </div>
   <div class='ocr_carea' id='block_1_3' title="bbox 489 1389 1058 1484">
    <p class='ocr_par' dir='ltr' id='par_1_3' title="bbox 489 1389 1058 1484">
     <span class='ocr_line' id='line_1_3' title="bbox 489 1389 1058 1484; baseline -0.005 0"><span class='ocrx_word' id='word_1_5' title='bbox 489 1389 1058 1484; x_wconf 84' lang='lat' dir='ltr'>ORDINIBUS</span> 
     </span>
    </p>
   </div>
   <div class='ocr_carea' id='block_1_4' title="bbox 271 1599 1273 1800">
    <p class='ocr_par' dir='ltr' id='par_1_4' title="bbox 271 1599 1273 1800">
     <span class='ocr_line' id='line_1_4' title="bbox 271 1599 1273 1686; baseline -0.002 -20"><span class='ocrx_word' id='word_1_6' title='bbox 271 1599 673 1668; x_wconf 76' lang='grc' dir='ltr'>ιιοιιιιιιιιιιι</span> <span class='ocrx_word' id='word_1_7' title='bbox 721 1601 789 1663; x_wconf 81' lang='lat' dir='ltr'><strong>ur</strong></span> <span class='ocrx_word' id='word_1_8' title='bbox 835 1601 1273 1686; x_wconf 79' lang='lat' dir='ltr'><strong>wesrrursrse,</strong></span> 
     </span>
     <span class='ocr_line' id='line_1_5' title="bbox 487 1747 1052 1800; baseline -0.004 -2"><span class='ocrx_word' id='word_1_9' title='bbox 487 1747 677 1800; x_wconf 76' lang='lat' dir='ltr'><strong>nontlttls</strong></span> <span class='ocrx_word' id='word_1_10' title='bbox 712 1747 1052 1799; x_wconf 72' lang='lat' dir='ltr'><strong>POTENTIBSIUIS.</strong></span> 
     </span>
    </p>
   </div>
   <div class='ocr_carea' id='block_1_5' title="bbox 237 1991 1310 2110">
    <p class='ocr_par' dir='ltr' id='par_1_5' title="bbox 237 1991 1310 2110">
     <span class='ocr_line' id='line_1_6' title="bbox 237 1991 1310 2110; baseline 0.001 -22"><span class='ocrx_word' id='word_1_11' title='bbox 237 1991 342 2098; x_wconf 80' lang='lat' dir='ltr'><strong>Cum</strong></span> <span class='ocrx_word' id='word_1_12' title='bbox 360 2024 467 2090; x_wconf 82' lang='lat' dir='ltr'><strong>rarius</strong></span> <span class='ocrx_word' id='word_1_13' title='bbox 489 2023 553 2086; x_wconf 88' lang='lat' dir='ltr'><strong>sint</strong></span> <span class='ocrx_word' id='word_1_14' title='bbox 570 2033 650 2086; x_wconf 87' lang='lat' dir='ltr'><strong>artes</strong></span> <span class='ocrx_word' id='word_1_15' title='bbox 670 2043 707 2086; x_wconf 88' lang='lat' dir='ltr'><strong>sc</strong></span> <span class='ocrx_word' id='word_1_16' title='bbox 732 2021 907 2102; x_wconf 85' lang='lat' dir='ltr'><strong>scientiae,</strong></span> <span class='ocrx_word' id='word_1_17' title='bbox 937 2024 1080 2086; x_wconf 75' lang='lat' dir='ltr'>societati</span> <span class='ocrx_word' id='word_1_18' title='bbox 1100 2027 1226 2110; x_wconf 73' lang='lat' dir='ltr'><strong>generis</strong></span> <span class='ocrx_word' id='word_1_19' title='bbox 1246 2026 1310 2089; x_wconf 81' lang='lat' dir='ltr'><strong>hn-</strong></span> 
     </span>
    </p>
   </div>
   <div class='ocr_carea' id='block_1_6' title="bbox 174 2129 1315 3112">
    <p class='ocr_par' dir='ltr' id='par_1_6' title="bbox 174 2129 1315 3112">
     <span class='ocr_line' id='line_1_7' title="bbox 235 2129 1312 2219; baseline 0.003 -24"><span class='ocrx_word' id='word_1_20' title='bbox 235 2132 322 2195; x_wconf 82' lang='lat' dir='ltr'><strong>unsni</strong></span> <span class='ocrx_word' id='word_1_21' title='bbox 340 2131 561 2196; x_wconf 82' lang='lat' dir='ltr'><strong>conducibiles</strong></span> <span class='ocrx_word' id='word_1_22' title='bbox 581 2152 618 2194; x_wconf 88' lang='lat' dir='ltr'><strong>sc</strong></span> <span class='ocrx_word' id='word_1_23' title='bbox 642 2129 857 2210; x_wconf 68' lang='lat' dir='ltr'><strong>necessariae,</strong></span> <span class='ocrx_word' id='word_1_24' title='bbox 882 2129 1028 2194; x_wconf 85' lang='lat' dir='ltr'><strong>Illustree</strong></span> <span class='ocrx_word' id='word_1_25' title='bbox 1052 2133 1312 2219; x_wconf 76' lang='lat' dir='ltr'><strong>Amplissimiqus</strong></span> 
     </span>
     <span class='ocr_line' id='line_1_8' title="bbox 174 2229 1312 2314; baseline 0.001 -20"><span class='ocrx_word' id='word_1_26' title='bbox 174 2257 177 2265; x_wconf 92' lang='lat'>·</span> <span class='ocrx_word' id='word_1_27' title='bbox 236 2233 329 2310; x_wconf 86' lang='lat' dir='ltr'><strong>Viri,</strong></span> <span class='ocrx_word' id='word_1_28' title='bbox 363 2231 531 2294; x_wconf 81' lang='lat' dir='ltr'><strong>maximam</strong></span> <span class='ocrx_word' id='word_1_29' title='bbox 558 2229 703 2314; x_wconf 83' lang='lat' dir='ltr'><strong>profecto</strong></span> <span class='ocrx_word' id='word_1_30' title='bbox 731 2229 860 2301; x_wconf 83' lang='lat' dir='ltr'><strong>laudem</strong></span> <span class='ocrx_word' id='word_1_31' title='bbox 884 2239 1047 2292; x_wconf 83' lang='lat' dir='ltr'><strong>merentur</strong></span> <span class='ocrx_word' id='word_1_32' title='bbox 1072 2231 1094 2292; x_wconf 91' lang='lat' dir='ltr'><strong>ii</strong></span> <span class='ocrx_word' id='word_1_33' title='bbox 1118 2233 1174 2314; x_wconf 88' lang='lat' dir='ltr'><strong>qni</strong></span> <span class='ocrx_word' id='word_1_34' title='bbox 1197 2235 1236 2296; x_wconf 85' lang='lat' dir='ltr'><strong>ad</strong></span> <span class='ocrx_word' id='word_1_35' title='bbox 1258 2255 1312 2295; x_wconf 87' lang='lat' dir='ltr'><strong>ess</strong></span> 
     </span>
     <span class='ocr_line' id='line_1_9' title="bbox 236 2327 1312 2416; baseline 0 -22"><span class='ocrx_word' id='word_1_36' title='bbox 236 2330 461 2416; x_wconf 84' lang='lat' dir='ltr'><strong>perdiscendas</strong></span> <span class='ocrx_word' id='word_1_37' title='bbox 493 2339 526 2393; x_wconf 89' lang='lat' dir='ltr'><strong>et</strong></span> <span class='ocrx_word' id='word_1_38' title='bbox 559 2330 600 2394; x_wconf 87' lang='lat' dir='ltr'><strong>sd</strong></span> <span class='ocrx_word' id='word_1_39' title='bbox 625 2327 789 2414; x_wconf 85' lang='lat' dir='ltr'><strong>publicam</strong></span> <span class='ocrx_word' id='word_1_40' title='bbox 819 2328 989 2390; x_wconf 77' lang='lat' dir='ltr'><strong>utilitatem</strong></span> <span class='ocrx_word' id='word_1_41' title='bbox 1028 2332 1312 2394; x_wconf 84' lang='lat' dir='ltr'><strong>accommodandas</strong></span> 
     </span>
     <span class='ocr_line' id='line_1_10' title="bbox 236 2427 1314 2510; baseline 0 -17"><span class='ocrx_word' id='word_1_42' title='bbox 236 2451 333 2493; x_wconf 88' lang='lat' dir='ltr'><strong>omns</strong></span> <span class='ocrx_word' id='word_1_43' title='bbox 362 2450 455 2492; x_wconf 88' lang='grc' dir='ltr'>ιιιιιιιι</span> <span class='ocrx_word' id='word_1_44' title='bbox 483 2427 626 2491; x_wconf 84' lang='lat' dir='ltr'><strong>studium</strong></span> <span class='ocrx_word' id='word_1_45' title='bbox 649 2437 746 2510; x_wconf 83' lang='lat' dir='ltr'><strong>atque</strong></span> <span class='ocrx_word' id='word_1_46' title='bbox 770 2447 899 2509; x_wconf 86' lang='lat' dir='ltr'><strong>operam</strong></span> <span class='ocrx_word' id='word_1_47' title='bbox 929 2429 1110 2496; x_wconf 83' lang='lat' dir='ltr'><strong>conferunt.</strong></span> <span class='ocrx_word' id='word_1_48' title='bbox 1161 2431 1314 2493; x_wconf 83' lang='lat' dir='ltr'><strong>Proxima</strong></span> 
     </span>
     <span class='ocr_line' id='line_1_11' title="bbox 235 2522 1315 2609; baseline 0 -19"><span class='ocrx_word' id='word_1_49' title='bbox 235 2535 284 2590; x_wconf 86' lang='lat' dir='ltr'><strong>est</strong></span> <span class='ocrx_word' id='word_1_50' title='bbox 305 2548 416 2590; x_wconf 84' lang='lat' dir='ltr'><strong>eorum</strong></span> <span class='ocrx_word' id='word_1_51' title='bbox 442 2528 512 2588; x_wconf 84' lang='lat' dir='ltr'><strong>leus</strong></span> <span class='ocrx_word' id='word_1_52' title='bbox 536 2547 674 2609; x_wconf 86' lang='lat' dir='ltr'><strong>quorum</strong></span> <span class='ocrx_word' id='word_1_53' title='bbox 699 2522 790 2586; x_wconf 83' lang='lat' dir='ltr'><strong>labor</strong></span> <span class='ocrx_word' id='word_1_54' title='bbox 814 2523 917 2585; x_wconf 85' lang='lat' dir='ltr'><strong>omnis</strong></span> <span class='ocrx_word' id='word_1_55' title='bbox 945 2537 1040 2606; x_wconf 86' lang='lat' dir='ltr'><strong>atque</strong></span> <span class='ocrx_word' id='word_1_56' title='bbox 1061 2526 1217 2591; x_wconf 80' lang='lat' dir='ltr'><strong>industria</strong></span> <span class='ocrx_word' id='word_1_57' title='bbox 1239 2551 1315 2591; x_wconf 86' lang='lat' dir='ltr'><strong>rer·</strong></span> 
     </span>
     <span class='ocr_line' id='line_1_12' title="bbox 236 2620 1315 2709; baseline 0 -20"><span class='ocrx_word' id='word_1_58' title='bbox 236 2634 324 2689; x_wconf 84' lang='lat' dir='ltr'><strong>satur</strong></span> <span class='ocrx_word' id='word_1_59' title='bbox 343 2625 378 2686; x_wconf 88' lang='lat' dir='ltr'><strong>iu</strong></span> <span class='ocrx_word' id='word_1_60' title='bbox 398 2623 517 2705; x_wconf 78' lang='lat' dir='ltr'><strong>linguis</strong></span> <span class='ocrx_word' id='word_1_61' title='bbox 531 2621 785 2706; x_wconf 84' lang='lat' dir='ltr'><strong>euthoribosque</strong></span> <span class='ocrx_word' id='word_1_62' title='bbox 801 2623 920 2707; x_wconf 86' lang='lat' dir='ltr'><strong>quibus</strong></span> <span class='ocrx_word' id='word_1_63' title='bbox 936 2620 1012 2686; x_wconf 87' lang='lat' dir='ltr'><strong>iliae</strong></span> <span class='ocrx_word' id='word_1_64' title='bbox 1031 2624 1117 2709; x_wconf 86' lang='lat' dir='ltr'><strong>ipsae</strong></span> <span class='ocrx_word' id='word_1_65' title='bbox 1137 2635 1219 2690; x_wconf 87' lang='lat' dir='ltr'><strong>artes</strong></span> <span class='ocrx_word' id='word_1_66' title='bbox 1238 2635 1315 2689; x_wconf 83' lang='lat' dir='ltr'><strong>suut</strong></span> 
     </span>
     <span class='ocr_line' id='line_1_13' title="bbox 235 2721 1314 2808; baseline -0.003 -18"><span class='ocrx_word' id='word_1_67' title='bbox 235 2733 392 2790; x_wconf 86' lang='lat' dir='ltr'><strong>tractatas</strong></span> <span class='ocrx_word' id='word_1_68' title='bbox 420 2722 578 2806; x_wconf 84' lang='lat' dir='ltr'><strong>uobisque</strong></span> <span class='ocrx_word' id='word_1_69' title='bbox 601 2722 735 2784; x_wconf 85' lang='lat' dir='ltr'><strong>traditae</strong></span> <span class='ocrx_word' id='word_1_70' title='bbox 761 2721 950 2786; x_wconf 79' lang='lat' dir='ltr'><strong>excolendis</strong></span> <span class='ocrx_word' id='word_1_71' title='bbox 976 2733 1072 2808; x_wconf 81' lang='lat' dir='ltr'><strong>atque</strong></span> <span class='ocrx_word' id='word_1_72' title='bbox 1104 2725 1314 2805; x_wconf 84' lang='lat' dir='ltr'><strong>illustrandis,</strong></span> 
     </span>
     <span class='ocr_line' id='line_1_14' title="bbox 237 2821 1315 2908; baseline 0.002 -22"><span class='ocrx_word' id='word_1_73' title='bbox 237 2825 359 2908; x_wconf 88' lang='lat' dir='ltr'><strong>quique</strong></span> <span class='ocrx_word' id='word_1_74' title='bbox 379 2821 431 2886; x_wconf 79' lang='lat' dir='ltr'><strong>rel</strong></span> <span class='ocrx_word' id='word_1_75' title='bbox 454 2831 580 2886; x_wconf 80' lang='lat' dir='ltr'><strong>veteres</strong></span> <span class='ocrx_word' id='word_1_76' title='bbox 602 2822 774 2906; x_wconf 79' lang='lat' dir='ltr'><strong>scriptores</strong></span> <span class='ocrx_word' id='word_1_77' title='bbox 798 2822 939 2885; x_wconf 88' lang='lat' dir='ltr'><strong>Graecos</strong></span> <span class='ocrx_word' id='word_1_78' title='bbox 963 2844 980 2885; x_wconf 88' lang='lat' dir='ltr'><strong>e</strong></span> <span class='ocrx_word' id='word_1_79' title='bbox 1003 2822 1068 2888; x_wconf 91' lang='lat' dir='ltr'><strong>situ</strong></span> <span class='ocrx_word' id='word_1_80' title='bbox 1094 2834 1127 2887; x_wconf 84' lang='lat' dir='ltr'><strong>et</strong></span> <span class='ocrx_word' id='word_1_81' title='bbox 1150 2825 1315 2908; x_wconf 80' lang='lat' dir='ltr'><strong>squallore</strong></span> 
     </span>
     <span class='ocr_line' id='line_1_15' title="bbox 236 2919 1313 3006; baseline -0.003 -19"><span class='ocrx_word' id='word_1_82' title='bbox 236 2933 358 2987; x_wconf 87' lang='lat' dir='ltr'><strong>eruunt</strong></span> <span class='ocrx_word' id='word_1_83' title='bbox 379 2930 412 2984; x_wconf 84' lang='lat' dir='ltr'><strong>et</strong></span> <span class='ocrx_word' id='word_1_84' title='bbox 439 2919 472 2982; x_wconf 88' lang='lat' dir='ltr'><strong>in</strong></span> <span class='ocrx_word' id='word_1_85' title='bbox 498 2920 603 2984; x_wconf 86' lang='lat' dir='ltr'><strong>lucem</strong></span> <span class='ocrx_word' id='word_1_86' title='bbox 628 2921 813 3006; x_wconf 83' lang='lat' dir='ltr'><strong>proferunt,</strong></span> <span class='ocrx_word' id='word_1_87' title='bbox 844 2923 896 2984; x_wconf 85' lang='lat' dir='ltr'><strong>rel</strong></span> <span class='ocrx_word' id='word_1_88' title='bbox 914 2923 976 2983; x_wconf 87' lang='lat' dir='ltr'><strong>ism</strong></span> <span class='ocrx_word' id='word_1_89' title='bbox 995 2923 1091 2984; x_wconf 79' lang='lat' dir='ltr'><strong>antes</strong></span> <span class='ocrx_word' id='word_1_90' title='bbox 1112 2923 1230 3003; x_wconf 86' lang='lat' dir='ltr'><strong>editos,</strong></span> <span class='ocrx_word' id='word_1_91' title='bbox 1256 2924 1313 2986; x_wconf 86' lang='lat' dir='ltr'><strong>sed</strong></span> 
     </span>
     <span class='ocr_line' id='line_1_16' title="bbox 236 3020 1314 3112; baseline -0.006 -24"><span class='ocrx_word' id='word_1_92' title='bbox 236 3023 320 3090; x_wconf 76' lang='lat' dir='ltr'><strong>mele</strong></span> <span class='ocrx_word' id='word_1_93' title='bbox 342 3023 382 3086; x_wconf 77' lang='lat' dir='ltr'><strong>sb</strong></span> <span class='ocrx_word' id='word_1_94' title='bbox 405 3020 543 3085; x_wconf 81' lang='lat' dir='ltr'><strong>indoctis</strong></span> <span class='ocrx_word' id='word_1_95' title='bbox 563 3021 788 3112; x_wconf 82' lang='lat' dir='ltr'><strong>interpretibus</strong></span> <span class='ocrx_word' id='word_1_96' title='bbox 807 3021 929 3085; x_wconf 86' lang='lat' dir='ltr'><strong>habitos</strong></span> <span class='ocrx_word' id='word_1_97' title='bbox 937 3068 948 3102; x_wconf 90' lang='lat'><strong>,</strong></span> <span class='ocrx_word' id='word_1_98' title='bbox 982 3023 1161 3106; x_wconf 76' lang='lat' dir='ltr'><strong>refingeret,</strong></span> <span class='ocrx_word' id='word_1_99' title='bbox 1190 3031 1221 3083; x_wconf 87' lang='lat' dir='ltr'><strong>et</strong></span> <span class='ocrx_word' id='word_1_100' title='bbox 1244 3023 1314 3106; x_wconf 88' lang='lat' dir='ltr'><strong>pri-</strong></span> 
     </span>
    </p>
   </div>
   <div class='ocr_carea' id='block_1_7' title="bbox 132 3118 1315 3206">
    <p class='ocr_par' dir='ltr' id='par_1_7' title="bbox 132 3118 1315 3206">
     <span class='ocr_line' id='line_1_17' title="bbox 132 3118 1315 3206; baseline -0.006 -17"><span class='ocrx_word' id='word_1_101' title='bbox 132 3135 135 3142; x_wconf 91' lang='lat'>&#39;</span> <span class='ocrx_word' id='word_1_102' title='bbox 237 3123 323 3188; x_wconf 85' lang='lat' dir='ltr'><strong>stino</strong></span> <span class='ocrx_word' id='word_1_103' title='bbox 342 3142 463 3206; x_wconf 84' lang='lat' dir='ltr'><strong>suoque</strong></span> <span class='ocrx_word' id='word_1_104' title='bbox 483 3118 582 3184; x_wconf 88' lang='lat' dir='ltr'><strong>nitori</strong></span> <span class='ocrx_word' id='word_1_105' title='bbox 603 3119 841 3203; x_wconf 87' lang='lat' dir='ltr'><strong>integritatique</strong></span> <span class='ocrx_word' id='word_1_106' title='bbox 858 3122 1038 3189; x_wconf 85' lang='lat' dir='ltr'><strong>restituunt.</strong></span> <span class='ocrx_word' id='word_1_107' title='bbox 1054 3193 1058 3206; x_wconf 41' lang='grc' dir='ltr'>Ι</span> <span class='ocrx_word' id='word_1_108' title='bbox 1075 3123 1169 3202; x_wconf 85' lang='lat' dir='ltr'><strong>Quod</strong></span> <span class='ocrx_word' id='word_1_109' title='bbox 1183 3121 1315 3206; x_wconf 83' lang='lat' dir='ltr'><strong>quidem</strong></span> 
     </span>
    </p>
   </div>
   <div class='ocr_carea' id='block_1_8' title="bbox 211 3218 1317 3981">
    <p class='ocr_par' dir='ltr' id='par_1_8' title="bbox 211 3218 1317 3981">
     <span class='ocr_line' id='line_1_18' title="bbox 211 3218 1316 3305; baseline -0.003 -21"><span class='ocrx_word' id='word_1_110' title='bbox 211 3275 215 3284; x_wconf 94' lang='lat'><em>.</em></span> <span class='ocrx_word' id='word_1_111' title='bbox 237 3220 379 3284; x_wconf 85' lang='lat' dir='ltr'><strong>studium</strong></span> <span class='ocrx_word' id='word_1_112' title='bbox 401 3218 525 3282; x_wconf 86' lang='lat' dir='ltr'><strong>tametsi</strong></span> <span class='ocrx_word' id='word_1_113' title='bbox 544 3219 586 3281; x_wconf 90' lang='lat' dir='ltr'><strong>ob</strong></span> <span class='ocrx_word' id='word_1_114' title='bbox 606 3218 754 3304; x_wconf 72' lang='lat' dir='ltr'><strong>exiguam</strong></span> <span class='ocrx_word' id='word_1_115' title='bbox 769 3240 853 3301; x_wconf 88' lang='lat' dir='ltr'><strong>quae</strong></span> <span class='ocrx_word' id='word_1_116' title='bbox 874 3219 953 3282; x_wconf 85' lang='lat' dir='ltr'><strong>iude</strong></span> <span class='ocrx_word' id='word_1_117' title='bbox 972 3219 1103 3305; x_wconf 82' lang='lat' dir='ltr'><strong>affulget</strong></span> <span class='ocrx_word' id='word_1_118' title='bbox 1123 3222 1205 3284; x_wconf 88' lang='lat' dir='ltr'><strong>lucri</strong></span> <span class='ocrx_word' id='word_1_119' title='bbox 1225 3241 1316 3304; x_wconf 82' lang='lat' dir='ltr'><strong>spem</strong></span> 
     </span>
     <span class='ocr_line' id='line_1_19' title="bbox 237 3317 1315 3406; baseline 0 -26"><span class='ocrx_word' id='word_1_120' title='bbox 237 3341 414 3406; x_wconf 82' lang='lat' dir='ltr'><strong>perpaucos</strong></span> <span class='ocrx_word' id='word_1_121' title='bbox 441 3318 538 3381; x_wconf 90' lang='lat' dir='ltr'><strong>hodie</strong></span> <span class='ocrx_word' id='word_1_122' title='bbox 556 3317 655 3382; x_wconf 78' lang='lat' dir='ltr'><strong>hebet</strong></span> <span class='ocrx_word' id='word_1_123' title='bbox 673 3327 847 3385; x_wconf 81' lang='lat' dir='ltr'><strong>sectatores</strong></span> <span class='ocrx_word' id='word_1_124' title='bbox 863 3319 1024 3402; x_wconf 88' lang='lat' dir='ltr'><strong>(plerique</strong></span> <span class='ocrx_word' id='word_1_125' title='bbox 1048 3321 1136 3382; x_wconf 84' lang='lat' dir='ltr'><strong>enim</strong></span> <span class='ocrx_word' id='word_1_126' title='bbox 1155 3340 1208 3385; x_wconf 84' lang='lat' dir='ltr'><strong>aas</strong></span> <span class='ocrx_word' id='word_1_127' title='bbox 1231 3328 1315 3381; x_wconf 84' lang='lat' dir='ltr'><strong>artes</strong></span> 
     </span>
     <span class='ocr_line' id='line_1_20' title="bbox 237 3415 1316 3501; baseline -0.003 -19"><span class='ocrx_word' id='word_1_128' title='bbox 237 3428 418 3501; x_wconf 82' lang='lat' dir='ltr'><strong>sequuntur</strong></span> <span class='ocrx_word' id='word_1_129' title='bbox 444 3438 463 3480; x_wconf 87' lang='lat' dir='ltr'><strong>e</strong></span> <span class='ocrx_word' id='word_1_130' title='bbox 486 3416 601 3500; x_wconf 86' lang='lat' dir='ltr'><strong>quibus</strong></span> <span class='ocrx_word' id='word_1_131' title='bbox 621 3415 728 3488; x_wconf 86' lang='lat' dir='ltr'><strong>l&#39;scilis</strong></span> <span class='ocrx_word' id='word_1_132' title='bbox 746 3427 794 3480; x_wconf 84' lang='lat' dir='ltr'><strong>est</strong></span> <span class='ocrx_word' id='word_1_133' title='bbox 820 3417 859 3480; x_wconf 86' lang='lat' dir='ltr'><strong>ed</strong></span> <span class='ocrx_word' id='word_1_134' title='bbox 882 3439 958 3501; x_wconf 88' lang='lat' dir='ltr'><strong>opes</strong></span> <span class='ocrx_word' id='word_1_135' title='bbox 982 3427 1016 3480; x_wconf 87' lang='lat' dir='ltr'><strong>et</strong></span> <span class='ocrx_word' id='word_1_136' title='bbox 1033 3418 1167 3479; x_wconf 88' lang='lat' dir='ltr'><strong>honores</strong></span> <span class='ocrx_word' id='word_1_137' title='bbox 1191 3422 1316 3495; x_wconf 77' lang='lat' dir='ltr'><strong>curem]</strong></span> 
     </span>
     <span class='ocr_line' id='line_1_21' title="bbox 237 3514 1316 3600; baseline -0.006 -21"><span class='ocrx_word' id='word_1_138' title='bbox 237 3516 454 3594; x_wconf 71' lang='lat' dir='ltr'><strong>militenen,</strong></span> <span class='ocrx_word' id='word_1_139' title='bbox 483 3515 539 3598; x_wconf 88' lang='lat' dir='ltr'><strong>qui</strong></span> <span class='ocrx_word' id='word_1_140' title='bbox 554 3517 735 3578; x_wconf 86' lang='lat' dir='ltr'><strong>studiorum</strong></span> <span class='ocrx_word' id='word_1_141' title='bbox 752 3514 940 3600; x_wconf 84' lang='lat' dir='ltr'><strong>dignitatem</strong></span> <span class='ocrx_word' id='word_1_142' title='bbox 956 3537 1020 3577; x_wconf 90' lang='lat' dir='ltr'><strong>uon</strong></span> <span class='ocrx_word' id='word_1_143' title='bbox 1037 3515 1163 3599; x_wconf 80' lang='lat' dir='ltr'><strong>privato</strong></span> <span class='ocrx_word' id='word_1_144' title='bbox 1180 3523 1316 3598; x_wconf 86' lang='lat' dir='ltr'><strong>quaestu</strong></span> 
     </span>
     <span class='ocr_line' id='line_1_22' title="bbox 236 3614 1316 3699; baseline -0.006 -19"><span class='ocrx_word' id='word_1_145' title='bbox 236 3617 293 3680; x_wconf 84' lang='lat' dir='ltr'><strong>sed</strong></span> <span class='ocrx_word' id='word_1_146' title='bbox 314 3614 441 3698; x_wconf 80' lang='lat' dir='ltr'><strong>publica</strong></span> <span class='ocrx_word' id='word_1_147' title='bbox 458 3615 596 3678; x_wconf 80' lang='lat' dir='ltr'><strong>utilitate</strong></span> <span class='ocrx_word' id='word_1_148' title='bbox 618 3615 724 3678; x_wconf 88' lang='lat' dir='ltr'><strong>metiri</strong></span> <span class='ocrx_word' id='word_1_149' title='bbox 747 3615 855 3696; x_wconf 88' lang='lat' dir='ltr'><strong>soleo,</strong></span> <span class='ocrx_word' id='word_1_150' title='bbox 887 3615 1019 3677; x_wconf 88' lang='lat' dir='ltr'><strong>mirifice</strong></span> <span class='ocrx_word' id='word_1_151' title='bbox 1041 3636 1167 3698; x_wconf 87' lang='lat' dir='ltr'><strong>semper</strong></span> <span class='ocrx_word' id='word_1_152' title='bbox 1183 3615 1316 3699; x_wconf 86' lang='lat' dir='ltr'><strong>placuit.</strong></span> 
     </span>
     <span class='ocr_line' id='line_1_23' title="bbox 236 3714 1315 3798; baseline -0.004 -20"><span class='ocrx_word' id='word_1_153' title='bbox 236 3715 414 3778; x_wconf 85' lang='lat' dir='ltr'><strong>Utilitatem</strong></span> <span class='ocrx_word' id='word_1_154' title='bbox 435 3735 512 3778; x_wconf 84' lang='lat' dir='ltr'><strong>reru</strong></span> <span class='ocrx_word' id='word_1_155' title='bbox 535 3737 630 3798; x_wconf 85' lang='lat' dir='ltr'><strong>quam</strong></span> <span class='ocrx_word' id='word_1_156' title='bbox 650 3714 713 3778; x_wconf 89' lang='lat' dir='ltr'><strong>hoc</strong></span> <span class='ocrx_word' id='word_1_157' title='bbox 735 3715 834 3777; x_wconf 88' lang='lat' dir='ltr'><strong>studii</strong></span> <span class='ocrx_word' id='word_1_158' title='bbox 852 3736 951 3796; x_wconf 81' lang='lat' dir='ltr'><strong>genus</strong></span> <span class='ocrx_word' id='word_1_159' title='bbox 966 3735 1075 3776; x_wconf 87' lang='lat' dir='ltr'><strong>secum</strong></span> <span class='ocrx_word' id='word_1_160' title='bbox 1100 3714 1198 3777; x_wconf 86' lang='lat' dir='ltr'><strong>trahit</strong></span> <span class='ocrx_word' id='word_1_161' title='bbox 1218 3715 1315 3796; x_wconf 79' lang='lat' dir='ltr'><strong>longe</strong></span> 
     </span>
     <span class='ocr_line' id='line_1_24' title="bbox 236 3813 1316 3906; baseline -0.002 -28"><span class='ocrx_word' id='word_1_162' title='bbox 236 3817 405 3878; x_wconf 79' lang='lat' dir='ltr'><strong>maximam</strong></span> <span class='ocrx_word' id='word_1_163' title='bbox 423 3815 496 3898; x_wconf 88' lang='lat' dir='ltr'><strong>quis</strong></span> <span class='ocrx_word' id='word_1_164' title='bbox 518 3815 650 3878; x_wconf 83' lang='lat' dir='ltr'><strong>obsecro</strong></span> <span class='ocrx_word' id='word_1_165' title='bbox 670 3823 718 3879; x_wconf 88' lang='lat' dir='ltr'><strong>est</strong></span> <span class='ocrx_word' id='word_1_166' title='bbox 731 3813 812 3906; x_wconf 73' lang='lat' dir='ltr'><strong>allec</strong></span> <span class='ocrx_word' id='word_1_167' title='bbox 833 3814 924 3877; x_wconf 83' lang='lat' dir='ltr'><strong>rudis</strong></span> <span class='ocrx_word' id='word_1_168' title='bbox 944 3823 979 3874; x_wconf 90' lang='lat' dir='ltr'><strong>ut</strong></span> <span class='ocrx_word' id='word_1_169' title='bbox 993 3813 1026 3873; x_wconf 87' lang='lat' dir='ltr'><strong>in</strong></span> <span class='ocrx_word' id='word_1_170' title='bbox 1050 3813 1184 3881; x_wconf 79' lang='lat' dir='ltr'><strong>dubium</strong></span> <span class='ocrx_word' id='word_1_171' title='bbox 1202 3815 1316 3876; x_wconf 73' lang='lat' dir='ltr'><strong>vocet?</strong></span> 
     </span>
     <span class='ocr_line' id='line_1_25' title="bbox 236 3912 1317 3981; baseline -0.008 0"><span class='ocrx_word' id='word_1_172' title='bbox 236 3917 271 3981; x_wconf 78' lang='lat' dir='ltr'><strong>si</strong></span> <span class='ocrx_word' id='word_1_173' title='bbox 291 3913 379 3978; x_wconf 84' lang='lat' dir='ltr'><strong>enim</strong></span> <span class='ocrx_word' id='word_1_174' title='bbox 401 3913 464 3978; x_wconf 82' lang='lat' dir='ltr'><strong>hoc</strong></span> <span class='ocrx_word' id='word_1_175' title='bbox 488 3915 522 3978; x_wconf 89' lang='lat' dir='ltr'><strong>in</strong></span> <span class='ocrx_word' id='word_1_176' title='bbox 542 3916 689 3979; x_wconf 73' lang='lat' dir='ltr'><strong>confesso</strong></span> <span class='ocrx_word' id='word_1_177' title='bbox 712 3922 761 3977; x_wconf 90' lang='lat' dir='ltr'><strong>est</strong></span> <span class='ocrx_word' id='word_1_178' title='bbox 777 3933 819 3976; x_wconf 85' lang='lat' dir='ltr'><strong>ex</strong></span> <span class='ocrx_word' id='word_1_179' title='bbox 837 3923 982 3976; x_wconf 83' lang='lat' dir='ltr'><strong>veterum</strong></span> <span class='ocrx_word' id='word_1_180' title='bbox 997 3915 1193 3977; x_wconf 85' lang='lat' dir='ltr'><strong>Graecorum</strong></span> <span class='ocrx_word' id='word_1_181' title='bbox 1214 3912 1317 3973; x_wconf 85' lang='lat' dir='ltr'><strong>lonti-</strong></span> 
     </span>
    </p>
   </div>
   <div class='ocr_carea' id='block_1_9' title="bbox 236 4003 1444 4097">
    <p class='ocr_par' dir='ltr' id='par_1_9' title="bbox 236 4003 1444 4097">
     <span class='ocr_line' id='line_1_26' title="bbox 236 4003 1444 4097; baseline -0.007 -17"><span class='ocrx_word' id='word_1_182' title='bbox 236 4015 296 4082; x_wconf 84' lang='lat' dir='ltr'><strong>bas</strong></span> <span class='ocrx_word' id='word_1_183' title='bbox 319 4013 498 4082; x_wconf 78' lang='lat' dir='ltr'><strong>doctrinam</strong></span> <span class='ocrx_word' id='word_1_184' title='bbox 524 4037 651 4077; x_wconf 86' lang='lat' dir='ltr'><strong>omnem</strong></span> <span class='ocrx_word' id='word_1_185' title='bbox 680 4035 748 4076; x_wconf 82' lang='lat' dir='ltr'><strong>esee</strong></span> <span class='ocrx_word' id='word_1_186' title='bbox 775 4003 999 4086; x_wconf 71' lang='lat' dir='ltr'><strong>hauriendam</strong></span> <span class='ocrx_word' id='word_1_187' title='bbox 1037 4013 1113 4094; x_wconf 86' lang='lat' dir='ltr'><strong>quis</strong></span> <span class='ocrx_word' id='word_1_188' title='bbox 1138 4033 1203 4073; x_wconf 88' lang='lat' dir='ltr'><strong>nou</strong></span> <span class='ocrx_word' id='word_1_189' title='bbox 1227 4011 1318 4074; x_wconf 75' lang='lat' dir='ltr'><strong>videt</strong></span> <span class='ocrx_word' id='word_1_190' title='bbox 1443 4086 1444 4097; x_wconf 10' lang='grc' dir='ltr'>ἵ</span> 
     </span>
    </p>
   </div>
   <div class='ocr_carea' id='block_1_10' title="bbox 237 4111 1316 4208">
    <p class='ocr_par' dir='ltr' id='par_1_10' title="bbox 237 4111 1316 4208">
     <span class='ocr_line' id='line_1_27' title="bbox 237 4111 1316 4208; baseline -0.006 -32"><span class='ocrx_word' id='word_1_191' title='bbox 237 4113 349 4208; x_wconf 78' lang='lat' dir='ltr'><strong>quanti</strong></span> <span class='ocrx_word' id='word_1_192' title='bbox 371 4111 495 4184; x_wconf 78' lang='lat' dir='ltr'><strong>intersit</strong></span> <span class='ocrx_word' id='word_1_193' title='bbox 514 4122 550 4180; x_wconf 83' lang='lat' dir='ltr'><strong>ut</strong></span> <span class='ocrx_word' id='word_1_194' title='bbox 573 4112 624 4178; x_wconf 90' lang='lat' dir='ltr'><strong>ilii</strong></span> <span class='ocrx_word' id='word_1_195' title='bbox 642 4111 702 4206; x_wconf 87' lang='lat' dir='ltr'><strong>ipsi</strong></span> <span class='ocrx_word' id='word_1_196' title='bbox 719 4114 826 4186; x_wconf 66' lang='lat' dir='ltr'><strong>lnam</strong></span> <span class='ocrx_word' id='word_1_197' title='bbox 844 4111 918 4203; x_wconf 77' lang='lat' dir='ltr'><strong>puri</strong></span> <span class='ocrx_word' id='word_1_198' title='bbox 939 4122 1037 4204; x_wconf 77' lang='lat' dir='ltr'><strong>etque</strong></span> <span class='ocrx_word' id='word_1_199' title='bbox 1054 4111 1171 4181; x_wconf 84' lang='lat' dir='ltr'><strong>illimes</strong></span> <span class='ocrx_word' id='word_1_200' title='bbox 1187 4129 1316 4181; x_wconf 64' lang='lat' dir='ltr'><strong>consere</strong></span> 
     </span>
    </p>
   </div>
   <div class='ocr_carea' id='block_1_11' title="bbox 0 0 1461 4792">
    <p class='ocr_par' dir='ltr' id='par_1_11' title="bbox 0 0 1461 4792">
     <span class='ocr_line' id='line_1_28' title="bbox 0 0 1461 4792; baseline 0 0"><span class='ocrx_word' id='word_1_201' title='bbox 0 0 1461 4792; x_wconf 95' lang='lat' dir='ltr'><strong> </strong></span> 
     </span>
    </p>
   </div>
  </div>
 </body>
</html>
