2900 4792
237 193 323 296 324
684 219 895 288 sonnium

87 389 122 446 Δ.
135 387 164 440 c.
179 387 233 446 558
321 379 370 445 ssi.
408 379 457 442 Ἐν
479 376 579 464 τούτῳ
601 377 637 440 δὲ
657 369 768 462 ἅτερος
789 377 1042 465 τῶνβαρβάρων
1063 374 1264 461 ὸποδασμὸς,
1291 379 1325 444 ολ

128 459 149 511 ¹·
161 461 181 510 ¹'
193 459 275 562 3’δὴ
294 474 465 560 ἐτύγχανον
485 471 704 561 ἐφεδρεύοντες
722 477 763 561 τῇ
784 472 996 564 Χερρονήσῳ,
1025 475 1173 553 πολλάκις
1198 478 1259 558 μὲν
1278 477 1324 565 τῷ

136 561 168 616 V·
181 565 389 664 116περιβὸλιρ
409 575 642 662 προσέβαλλον,
663 569 817 653 κλίμακάς
837 597 871 637 τε
892 576 1098 660 προσάγοντες
1117 573 1173 639 κατ’
1191 571 1247 652 τὸς
1261 599 1325 660 μη-

234 671 339 758 χανὰς
358 669 415 749 τὸς
434 667 600 750 ἑλεπόλεις
632 671 779 748 πολλάκις
800 673 837 736 δὲ
856 669 919 737 ὸπὸ
937 676 1000 738 τῶν
1014 671 1104 738 ἔνδον
1125 665 1224 738 ὄντων
1239 673 1326 740 Ῥα-

236 770 343 856 μαιὸιν
364 771 570 858 ἀπεκρούοντο
591 775 696 837 σθένει
710 769 810 840 narrt
830 770 1047 855 α’μμνομένοιν.
1070 773 1170 858 ἡγεῖτο
1191 774 1227 838 δὲ
1248 769 1346 846 τού-5

209 883 302 938 esur
317 869 483 959 Γερμανὸς
503 870 722 958 ὸΔιοροθέοο,
744 872 814 948 νέος
832 871 892 953 μέν
910 895 945 956 γε
963 863 1008 936 τὸν
1029 872 1150 960 κομιδῇ,
1169 874 1223 938 κατ’
1237 873 1327 958 πρῶ-

240 995 293 1048 τος
310 963 373 1057 ἤδη
393 970 560 1056 ὸπηνὴτης,
581 967 761 1057 φρονήματι
784 973 819 1035 δὲ
848 971 1041 1058 στρατηγικῷ
1062 973 1244 1058 διαπρέπων
1272 967 1329 1034 καί

238 1073 342 1159 πολλῷ
361 1075 456 1136 πλέον
476 1071 531 1154 τῆς
550 1069 673 1155 ἡλικίας
695 1068 731 1133 τὸ
752 1069 969 1155 μεγαλουργὸν
990 1073 1184 1156 κεκτημένος.
1214 1070 1327 1156 πατρὸς

239 1171 275 1234 δὲ
293 1163 334 1254 ἦν
355 1164 443 1258 crispi
463 1165 554 1246 πόλις
570 1167 735 1256 Ἰλλυρικη,
769 1169 947 1256 Βεδερίανα
968 1171 1029 1251 μὲν
1049 1173 1083 1236 ἐκ
1099 1172 1236 1234 παλαιοῦ
1257 1168 1328 1236 ὸνο-

237 1272 409 1356 μαζομένη,
423 1263 558 1356 ὸστερον
571 1271 607 1334 δὲ
620 1268 745 1356 Προὸτη
762 1269 789 1338 '1
790 1268 971 1354 ουσττνιανη
984 1275 1229 1356 μετακληθεῖσα·
1246 1271 1368 1340 ’ίαν-ιο

239 1368 399 1446 στινιανὸς
415 1368 475 1455 γὸρ
498 1368 518 1433 ὸ
538 1368 704 1452 βασιλεὸς,
725 1363 781 1434 tte
804 1368 843 1455 δὴ
864 1373 933 1434 κατ’
954 1362 1053 1454 αὸτην
1073 1371 1118 1446 εἷς
1139 1372 1208 1457 φιὸς
1227 1393 1328 1456 προη-

238 1471 361 1552 γμίνος,
383 1469 539 1553 ὸκὸσμησέ
551 1492 584 1532 τε
602 1465 728 1544 είκὸτοος
745 1466 801 1554 τὴν
819 1469 959 1556 πατρίδα
975 1468 1076 1554 ἔργοις
1096 1466 1331 1550 ποικίλοις,ναί

238 1568 273 1646 ἐξ
293 1567 433 1654 ἀφανοῦς
454 1565 630 1649 εὸδαᾲιονα
652 1567 866 1654 ἐξειργάσατο,
886 1567 942 1632 καί
962 1571 1017 1652 τῆς
1035 1567 1152 1644 οἰκείας
1170 1563 1249 1656 αὐτῇ
1269 1591 1330 1648 με-

236 1665 412 1731 ταδέδαιιεν
431 1664 654 1750 προσηγορίας.
674 1669 710 1730 ἐν
729 1664 842 1732 τοὸτου
865 1667 902 1731 δὲ
922 1663 959 1730 τὸ
979 1669 1066 1752 γένος
1090 1671 1188 1733 ἕλκων
1208 1664 1225 1732 ὸ
1246 1671 1277 1732 Γ
1275 1691 1329 1754 ερ-

236 1762 348 1847 μανὸς,
367 1761 493 1852 σφόδρα
515 1763 545 1830 οἱ
565 1763 805 1854 ὸπεφρὸντιστο.
824 1765 980 1855 τοιγὸρτοι
1001 1765 1136 1850 ὸνταετῆ
1156 1767 1270 1854 χρὸνον
1291 1769 1368 1839 εἰιι5

236 1868 363 1950 γενετῆς
384 1864 537 1947 διανὸαν,
572 1857 660 1952 ἤχθη
686 1865 764 1952 πρὸς
790 1860 888 1931 αὐτοῦ
917 1869 949 1943 ἐς
969 1866 1062 1932 πόλιν
1092 1865 1150 1951 τὸν
1168 1869 1331 1948 βασιλίδα,

242 1967 297 2030 κατ’
314 1967 480 2050 τημελείας
500 1967 644 2032 ἀπώνατο
661 1966 771 2052 πάσης.
791 1975 856 2043 τοῖς
875 1969 910 2032 δὲ
927 1964 987 2052 γὰρ
1009 1969 1073 2032 τῶν
1088 1969 1331 2052 γραμματιστῶν

205 2073 231 2124 D
242 2064 355 2146 οὸμιλει
370 2068 600 2144 διδασκαλειὸις
609 2119 620 2151 ,
640 2066 696 2132 καί
713 2066 793 2154 πρὸς
812 2091 847 2151 γε
867 2063 927 2134 dud
947 2065 987 2132 τὸ
1004 2062 1232 2154 φροντιστήρια
1254 2091 1328 2154 φοι-

239 2166 315 2247 τῶν,
334 2163 390 2252 τὴν
408 2167 471 2231 τῶν
491 2168 642 2232 Λατίνων
661 2171 797 2250 μετέσχε
813 2169 969 2244 παιδείας.
990 2168 1060 2230 ἕποι’
1077 2167 1111 2230 δὲ
1129 2167 1162 2242 ἐς
1175 2160 1255 2250 ἥβης
1270 2168 1331 2248 μέ-

239 2287 315 2349 τρον
334 2259 475 2351 οἷφιλιετο,
496 2263 614 2331 ἔστειλὸ
623 2291 659 2349 γε
677 2265 776 2332 αὐτὸν
789 2266 900 2332 αὐτίκα
916 2265 950 2330 ἐν
963 2259 1170 2352 Χερρονήσῳ,
1191 2255 1371 2349 ἅρχοντατο

240 2366 301 2430 τοῦ
329 2367 406 2454 τῇδε
430 2389 468 2430 σι
490 2369 571 2431 ατοῦ
595 2364 893 2450 καταστησάμενος,
921 2365 966 2440 αἱς
986 2359 1026 2428 ὸν
1053 2361 1140 2450 adripi
1168 2360 1269 2439 εὐθὺς
1295 2359 1333 2428 τὸ

240 2465 296 2549 τῆς
312 2461 453 2550 νεὸτητος
478 2464 534 2545 οξὸ
551 2463 608 2530 καί
621 2464 824 2552 ταχὸῤῥοπον
838 2467 894 2530 καί
908 2461 986 2550 πρὸς
1002 2459 1059 2538 τὸς
1081 2461 1175 2540 δὸξας
1195 2460 1333 2548 ἠρμένον

317 2619 338 2654 r.
357 2589 529 2672 ολποδασμὸς
545 2603 574 2654 B.
593 2602 674 2674 (ct),
694 2599 886 2726 α’πὸδρασρρος
901 2601 971 2672 vulg,
1049 2619 1072 2653 n.
1092 2597 1148 2670 pir
1167 2599 1229 2656 add.
1249 2617 1283 2651 cx
1300 2601 1330 2652 lt.

313 2674 343 2727 6.
360 2669 527 2742 Δωροδιίοιι
556 2673 584 2724 lt
688 2675 805 2743 πρῶτον

314 2743 372 2792 rexi
383 2757 423 2826 ⁸ex
440 2741 587 2812 Procopi03
604 2740 739 2815 Βεδίρινα
751 2741 806 2814 μὲν
818 2743 847 2794 lt.
867 2750 895 2795 et
918 2741 1002 2866 Iutpr.
1021 2741 1178 2806 Bederirso,
1196 2739 1332 2813 Βεὸερια-

314 2825 393 2882 rupe
410 2812 481 2882 vulg.
564 2813 602 2882 sd.
621 2815 671 2866 Pro
689 2813 720 2866 ἐν
737 2813 840 2867 τούτου
859 2815 890 2870 R.
907 2813 955 2866 ἔκτ
974 2829 989 2872 ς
1005 2829 1063 2865 του.

847 2690 885 2725 nr.
965 2690 990 2742 9.
1009 2669 1166 2740 Bedepturo
1190 2670 1244 2740 μὲν
1271 2687 1333 2722 cor-

315 2965 356 3002 as.
393 2949 501 3001 Interea
522 2948 575 3002 alia
601 2949 738 3003 barbarici
756 2951 892 3002 exercitur
910 2949 1012 3017 portio,
1032 2963 1101 3020 quae
1121 2947 1156 3000 ad
1176 2947 1333 3002 Chersone-

245 3035 305 3071 sum
322 3019 492 3082 comederat,
504 3019 662 3093 frequenter
680 3038 788 3072 murum
806 3021 894 3073 adorti
912 3027 985 3082 sunt,
1000 3021 1077 3072 oculis
1095 3019 1211 3090 aliisque
1228 3018 1333 3072 machi-

245 3089 288 3140 nis
314 3089 534 3143 obsidionalibus
568 3091 699 3158 admotis,
721 3091 880 3162 frequenter
903 3091 970 3142 item
996 3107 1010 3140 a
1035 3091 1172 3153 llomauis,
1210 3091 1239 3142 ui
1258 3093 1334 3143 intus

246 3167 332 3224 erant,
350 3162 477 3214 omnihus
495 3162 599 3214 viribus
612 3179 640 3214 se
659 3163 800 3214 tuentibus
819 3161 925 3230 repulsi.
954 3161 1078 3212 Praeerat
1095 3170 1186 3213 autem
1223 3163 1246 3212 is
1262 3161 1336 3214 Ger-

245 3247 342 3283 manus
360 3231 494 3284 Dorothei
513 3233 601 3296 filius,
629 3229 777 3285 admodum
801 3232 912 3304 quidem
937 3231 986 3282 illo
1005 3231 1125 3294 iuvenis,
1150 3241 1178 3284 et
1196 3233 1251 3284 ium
1275 3233 1335 3302 pri·

245 3317 320 3352 mum
338 3301 516 3366 barbcsecns,
535 3303 583 3356 sed
602 3305 692 3355 animo
714 3304 784 3356 duce
809 3301 892 3372 digno
915 3311 1056 3371 praestans
1075 3311 1104 3354 et
1133 3318 1221 3354 rerum
1243 3309 1334 3356 aetate

244 3370 327 3442 longe
343 3372 517 3444 grandiorum
538 3383 647 3426 conatu.
684 3376 771 3428 Patria
791 3372 856 3426 huic
877 3381 934 3426 erat
949 3373 1014 3424 urbs
1039 3373 1160 3440 Illyrica,
1181 3371 1335 3426 Bedcriana

245 3438 313 3493 olim
330 3443 418 3507 dieta,
435 3451 532 3513 postea
546 3461 609 3496 vero
629 3446 717 3497 Prima
731 3445 882 3497 lustiuinna
894 3443 1041 3564 appellata.
1077 3443 1243 3495 Iustiniana·
1259 3447 1335 3496 enim

245 3511 412 3580 Imperator,
430 3521 526 3581 utpote
537 3518 566 3568 iu
579 3533 610 3567 ca
625 3519 741 3584 primum
760 3517 790 3568 in
806 3515 893 3567 lucem
912 3531 927 3566 e
948 3514 1024 3576 itus,
1055 3516 1136 3566 variis
1156 3513 1285 3582 operibus
1305 3531 1336 3566 ac

244 3579 354 3634 fabricis
370 3583 467 3635 merito
478 3587 597 3654 patriam
614 3603 688 3638 susm
711 3587 833 3648 ornavit,
852 3596 931 3638 etex
952 3582 1067 3637 obscura
1086 3584 1244 3654 opulentam
1267 3586 1335 3638 illu-

245 3660 383 3722 stremque
399 3653 498 3717 effecit,
516 3673 646 3726 suamque
663 3657 707 3708 illi
724 3657 879 3728 impartitus
898 3664 940 3708 cst
955 3657 1178 3726 appellationem.
1216 3655 1255 3706 Ex
1283 3655 1336 3708 hnc

243 3737 308 3774 vero
319 3739 403 3791 genus
420 3724 520 3777 ducens
546 3725 592 3778 hic
608 3727 775 3789 Germanus,
793 3725 968 3778 vehementer
992 3727 1034 3778 illi
1056 3743 1132 3778 carus
1150 3731 1214 3776 erat
1253 3725 1333 3795 Quo-

245 3791 317 3844 circa
334 3809 395 3846 cum
410 3802 534 3848 octavum
556 3796 590 3849 ab
610 3807 670 3849 ortu
690 3815 790 3848 annum
805 3799 956 3865 exegisset,
984 3795 1081 3849 ductus
1097 3805 1139 3850 cst
1160 3795 1194 3846 ab
1220 3796 1281 3865 ipso
1303 3797 1334 3850 iu

245 3862 341 3914 urbem
362 3865 481 3932 regiam,
513 3883 675 3938 summaque
698 3885 762 3918 cura
789 3866 909 3919 habitus.
951 3863 1021 3920 Nam
1039 3875 1067 3918 et
1096 3870 1333 3936 grammaticorum

244 3931 351 3985 scholas
368 3935 470 3997 adibat,
487 3945 515 3988 et
530 3935 721 4007 philosophica
737 3938 850 4009 collegia
869 3936 1055 4007 frequentans,
1074 3937 1234 3989 Latinorum
1250 3939 1335 3990 etiam

245 4001 390 4073 disciplina
408 4004 589 4060 imbuebatur.
626 4009 805 4080 Posteaquam
821 4024 884 4060 vero
906 4025 939 4058 ex
955 4006 1069 4077 ephebis
1091 4009 1223 4070 excessit,
1241 4010 1333 4060 statim

245 4091 308 4125 enm
324 4076 354 4126 iu
368 4073 566 4128 Chersonesum
577 4076 723 4148 ablegavit,
744 4087 772 4131 ct
782 4078 926 4143 exercitui,
941 4079 988 4148 qui
1002 4077 1042 4130 ibi
1055 4087 1120 4141 erut,
1136 4078 1285 4149 pracfecit,
1304 4087 1335 4132 ut

243 4145 299 4215 ipsi
319 4147 410 4202 statim
426 4147 576 4201 inventutis
593 4148 684 4204 ferror
699 4157 728 4202 et
745 4148 905 4204 flexibilitas
924 4157 953 4204 ct
966 4149 1069 4220 gloriae
1087 4149 1247 4220 appetentia
1266 4167 1334 4204 eou-
