2900 4792
454 290 737 355 ιειετοειλεοεο
766 297 826 362 su.
851 303 904 364 σε,
1133 263 1217 352 3ο5

136 445 172 508 έν
188 448 255 520 τοῖς
272 443 464 530 προσήκουσι
486 443 543 508 καί
560 438 739 528 οἷνωγκαύιις
761 445 1041 531 α’ποπιμπλύνοιτο,
1073 441 1155 514 dud
1178 447 1365 533 wilc-558

136 547 269 629 προθέοι
287 543 344 607 καί
364 541 564 633 οἷνασκιρτῴη
584 542 661 631 πρὸς
683 545 819 631 κινήσεις
841 541 973 632 οἷλύγους
993 551 1048 613 κατ’
1065 523 1321 632 ιλημοιιίλειςῙ·Ῑ·32

136 638 252 725 ὁρμὰς,
283 643 338 707 καί
364 641 469 708 ἵππων
495 638 629 724 ἆμιλλας
646 651 713 720 τοῖς
734 645 884 731 χρύμασι
910 649 1152 732 μεμερισμένας,
1186 647 1221 712 έν

140 733 188 818 οἷς
211 739 255 818 uic
288 739 427 806 ταπολλοὶ
446 741 484 807 τύ
504 744 592 825 νέον,
620 745 651 808 εἰ
668 742 712 829 μή
739 745 772 820 ἐς
792 741 896 832 ἕτερόν
915 769 949 810 τι
970 749 1034 811 τούν
1054 744 1220 832 χρησιμων

114 837 383 926 δένασχοληθείη,
412 839 528 930 (ipsiius
555 841 643 929 ῥέπει
670 841 725 910 καὶ
747 845 981 930 έκταροὶττεται.
1012 842 1084 910 τότε
1103 844 1141 932 δὴ
1162 837 1218 910 οὖν
1226 851 1252 904 Ρ.
1263 845 1316 908 st?

137 941 200 1004 τῶν
220 930 350 1004 Ούννων
365 943 405 1028 τῇ
422 940 617 1031 Χερρονήσῳ
637 945 907 1029 προσκαθημένων
928 941 984 1009 καλ
999 941 1220 1028 ἐνοχλούντων,

138 1038 198 1102 eds
218 1037 302 1102 οἲνίει
327 1037 345 1102 d
368 1039 494 1118 νεανίας
508 1038 565 1118 τύς
579 1065 614 1106 τε
639 1041 817 1128 προσβολὰς
836 1039 1021 1108 ἀνακόπτων
1044 1042 1098 1107 καί
1115 1043 1221 1109 πᾶσαν

138 1135 256 1222 βουλὴν
280 1136 474 1225 οἷμυντηρίαν
498 1141 726 1223 διανοούμενος.
758 1139 856 1217 odric
884 1167 919 1206 τε
937 1141 998 1230 γύρ
1029 1139 1152 1207 οἴκοθεν
1177 1143 1222 1229 τῷ

139 1235 274 1325 ἔπιβύλρ
298 1239 356 1321 τῆς
388 1236 513 1324 φύσεως
542 1239 763 1323 εύστοχύτατα
789 1239 985 1326 διεγίγνωσκε
1008 1238 1045 1306 τὸ
1069 1249 1223 1323 συνοῖσον,

102 1338 197 1402 sosoi
215 1343 281 1411 τοῖς
306 1337 529 1424 πρεσβυτέροις
549 1340 612 1404 τῶν
633 1340 717 1426 ἄμφ’
736 1338 833 1404 αὐτὸν
851 1339 907 1406 καὶ
925 1345 1050 1416 πολλοίς
1065 1331 1126 1426 ἤδη
1144 1337 1223 1426 πρύ-

139 1459 231 1520 τερον
255 1435 362 1511 πόνοις
379 1435 453 1514 τούς
469 1440 534 1503 τούν
548 1440 693 1520 πολέμων
713 1439 836 1523 οἶγῶνας
854 1435 1111 1526 έκμεμελετηκύσι
1137 1435 1223 1522 μάλα

140 1533 202 1602 σύν
227 1535 356 1624 εύκολίρ
371 1538 511 1602 ἐπείθετο
534 1538 573 1603 τύ
592 1540 732 1623 πρακτέα
759 1537 998 1625 ύφηγουμένσις.
1030 1539 1099 1603 duel
1115 1540 1150 1603 δὲ
1169 1531 1225 1601 ού-

140 1635 197 1700 sir
216 1658 249 1697 τι
270 1637 365 1699 πλέον
380 1629 466 1717 εἶχον
484 1637 591 1702 ἀνύειν
608 1636 639 1700 οἱ
654 1638 831 1724 βάρβαροι,
860 1630 931 1703 ories
947 1637 992 1716 sic
1010 1639 1045 1704 dr
1064 1637 1225 1726 πολιορκίᾳ

140 1731 362 1819 ἐφεδρεύοντες
387 1737 432 1822 τῷ
453 1735 607 1819 έρύματι,
629 1728 703 1801 οὔτε
725 1733 805 1822 πρύς
822 1737 1030 1820 τειχομαχίαν
1046 1735 1225 1820 ἐγκεᾴιενοι,

103 1829 283 1914 ,ςέγνωσαν
308 1830 423 1919 τρέπου
449 1828 560 1921 ἑτέρου
584 1829 747 1910 αύθάύους
768 1857 802 1898 τε
831 1837 886 1900 κατ’
910 1833 1055 1918 γενναίου
1078 1837 1132 1898 καί
1156 1833 1226 1898 λίαν

139 1929 221 2015 πρὸς
251 1929 287 1996 τὸ
311 1929 529 2018 φιλοκίνύυνον
558 1925 683 2016 ἄγοντος
718 1933 974 2018 ἀποπειραθῆναι
981 1983 991 2013 ,
1028 1927 1111 1996 ούτω
1144 1955 1178 1995 τε
1204 1923 1256 2014 ἢις

140 2031 259 2094 θᾶττον
289 2025 372 2095 ἑλεῖν
396 2027 433 2094 τύ
457 2029 595 2115 χωρίον,
621 2025 642 2115 ἢ
667 2034 815 2111 μεθεῖναι
839 2027 984 2094 τολοιπύν
1004 2031 1059 2094 καί
1084 2023 1227 2094 ἀποπαύ-

141 2133 262 2195 σαοθαι
290 2130 345 2193 καί
360 2129 393 2204 ές
411 2126 451 2195 τὰ
470 2130 607 2216 σφέτερα
624 2121 690 2214 ἤθη
708 2125 926 2214 ἀπονοστῆσαι.
968 2127 1024 2192 καί
1048 2126 1152 2194 τοίνυν
1168 2151 1225 2196 κα-

142 2227 263 2308 λύμους
273 2223 317 2303 ὥς
328 2226 490 2305 πλείστους
508 2227 708 2314 οἷθροιλταντες
720 2221 867 2314 εύμὴκεις
887 2251 921 2291 τε
942 2217 1088 2310 ύγανκαί
1100 2227 1133 2300 ἐς
1151 2218 1176 2306 i,
1193 2247 1226 2287 τι

102 2324 295 2414 εοοτερρούς
318 2329 376 2392 καί
397 2330 589 2411 παχίστυυς,
620 2327 677 2390 καί
698 2325 825 2403 τούτους
848 2329 899 2392 ἐπ’
919 2325 1027 2402 adroic
1051 2321 1228 2410 ε’ναρμοσύ-

140 2449 231 2510 μενοι
254 2426 310 2492 καί
324 2429 532 2512 {vaticanae
557 2424 723 2501 καλωδίοις
748 2449 782 2489 τε
808 2421 863 2490 καί
876 2425 1046 2505 τολύπαις,
1077 2419 1229 2504 κύμυθας

140 2523 261 2601 πολλὰς
281 2525 525 2612 α’πειργύσαντο.
565 2525 637 2590 τότε
663 2527 699 2589 δὲ
724 2525 804 2604 ξύλα
828 2523 959 2607 laborovi
980 2519 1125 2586 καθύπου
1149 2517 1228 2602 ζυγὰ

142 2626 198 2691 καί
214 2624 393 2710 ι’χκαινίύας
413 2618 648 2713 inoperosiori
666 2621 700 2689 τύ
721 2622 885 2710 ἐγκύρσιον
913 2621 1070 2704 ἐνθέντες,
1102 2619 1142 2683 ού
1159 2621 1230 2682 δια-

212 2761 238 2814 8.
258 2757 344 2818 αύτές
361 2775 395 2829 γε
413 2759 445 2817 a.
532 2780 558 2831 ρ
573 2759 767 2831 διαγίγνωοκε
783 2759 843 2830 sph.
863 2759 921 2812 Par.
995 2775 1034 2814 so·
1053 2759 1103 2812 Pro
1121 2755 1180 2812 sair
1197 2757 1228 2807 li.

212 2837 280 2888 τοῖς.
345 2847 386 2888 rr.
403 2831 549 2900 πολεμίων
567 2834 596 2884 li.
648 2848 689 2884 as.
708 2845 738 2883 te
756 2849 809 2883 om.
827 2831 856 2882 R.
913 2846 957 2884 an.
977 2827 1041 2884 τότε
1059 2824 1131 2892 dill-
1184 2829 1229 2882 αλ.

212 2897 379 2970 έχκαινίύας
410 2903 440 2953 ll.
464 2921 489 2955 α.
513 2918 548 2952 na.
574 2901 615 2952 Lu
632 2899 659 2951 d.
687 2919 707 2954 ι.
735 2919 770 2954 ιιι.
789 2909 817 2952 et
841 2899 917 2952 Suid.
947 2917 970 2957 s.
1006 2915 1049 2966 v„
1080 2895 1230 2968 έχκενίιλας

213 2974 243 3024 u.
266 2991 287 3024 s.
305 2987 340 3022 ns.
359 2980 389 3025 et
406 2973 476 3041 vulg.
497 2989 532 3024 ex
550 2971 609 3041 Lag
656 2989 722 3024 corr.
780 2969 889 3042 ὕπερθε
907 2971 938 3022 R.

140 3091 316 3145 venientibus
333 3111 364 3146 ac
383 3093 603 3146 conducibilibus
621 3093 700 3146 rebus
715 3091 887 3160 expleretur,
907 3106 997 3159 aeque
1012 3087 1184 3158 abriperetur
1198 3103 1231 3138 ac

143 3163 284 3232 prosiliret
297 3162 331 3214 ad
347 3174 436 3218 motus
453 3165 553 3216 rationi
569 3182 663 3235 parum
684 3171 897 3226 consentaneos,
922 3159 1122 3231 popularisque
1139 3155 1232 3209 studia

145 3241 173 3284 et
183 3235 321 3304 equestria
335 3237 483 3286 certamina
496 3233 633 3287 coloribus
644 3233 782 3296 distincta,
792 3230 904 3302 adquae
920 3233 1045 3282 iuventus
1079 3229 1231 3296 lorumque,

143 3304 198 3355 nisi
213 3305 320 3374 potiore
337 3306 433 3376 aliqua
454 3305 482 3356 in
499 3323 527 3356 re
545 3312 708 3374 occupetur,
725 3303 807 3356 facile
821 3303 909 3372 vergit
926 3309 954 3353 et
978 3247 1145 3353 deturbatur.
1183 3299 1232 3348 Per

145 3373 216 3424 illud
231 3376 323 3444 itaque
336 3383 442 3444 ternpus
461 3375 567 3426 lluuuis
586 3373 783 3426 Chersonesum
802 3371 987 3424 insidentibus
1002 3379 1085 3440 atque
1098 3367 1233 3418 infestan-

144 3443 237 3506 tibus,
255 3461 311 3495 non
324 3445 472 3498 desistebat
487 3445 532 3498 lrie
549 3447 655 3497 iuvenis
671 3451 699 3495 et
718 3461 811 3496 eorum
826 3444 944 3496 insultus
964 3440 1123 3510 infringere,
1137 3453 1234 3490 omne·

146 3533 200 3585 que
218 3515 361 3567 consilium
378 3516 564 3586 propulsando
578 3515 651 3567 hosti
667 3515 830 3584 excogitare.
857 3513 926 3566 Nam
948 3521 975 3565 et
989 3513 1048 3581 ipse
1063 3527 1097 3562 es
1109 3525 1138 3560 se
1151 3516 1233 3560 natu-

145 3585 198 3636 rali
213 3585 348 3637 industria
383 3586 429 3638 uid
444 3588 559 3638 merisne
576 3587 728 3637 consultum
743 3594 770 3635 et
787 3601 820 3634 ex
838 3601 866 3634 re
889 3591 969 3644 esset,
987 3582 1090 3650 optime
1108 3579 1233 3630 collima-

145 3655 205 3718 bat,
226 3663 255 3707 et
266 3607 431 3718 senioriisus,
445 3657 493 3728 qui
507 3658 560 3726 ipsi
574 3657 687 3708 oderant
696 3654 845 3724 multisque
865 3663 944 3705 antea
967 3651 1074 3703 bellicis
1091 3647 1233 3702 laboribus

147 3733 226 3778 erunt
240 3729 398 3789 exercitati,
416 3728 544 3778 facillime
559 3726 785 3796 obtemperabat,
804 3741 873 3793 quac
891 3722 1014 3775 iacienda
1034 3727 1124 3773 essent
1139 3735 1235 3789 sugge-

148 3795 280 3849 rentibus.
317 3797 428 3849 barbari
439 3799 542 3868 itaque,
558 3815 619 3849 earn
638 3798 710 3850 nihil
725 3797 792 3867 ipsis
815 3793 914 3864 reliqui
929 3801 1008 3856 esset,
1028 3791 1104 3862 quod
1120 3789 1234 3860 exsequi

146 3877 277 3936 possent,
297 3867 399 3936 quippe
417 3870 464 3939 qui
481 3886 589 3938 neque,
608 3875 638 3918 ut
654 3871 683 3920 in
695 3867 857 3926 obsidione,
876 3865 947 3916 vallo
961 3861 1125 3923 insidebant,
1143 3873 1234 3981 neque

147 3953 288 3989 murorum
301 3939 500 4007 oppugnationi
514 3939 615 3991 intenti
638 3946 731 4000 eraut,
750 3941 905 3989 statuerunt
918 3934 1001 3985 alium
1018 3931 1127 3985 modum
1138 3947 1171 3980 au
1193 3929 1236 3980 aei

148 4016 177 4058 et
200 4007 344 4058 temerario
362 4009 534 4078 periculique
555 4009 639 4076 pleno
658 4009 778 4060 facinore
805 4014 925 4068 tentare,
952 4021 1037 4076 coque
1062 4004 1168 4054 ratione
1193 4000 1237 4051 vel

148 4077 231 4129 eitius
249 4076 380 4146 oppidum
396 4095 510 4146 capere,
527 4077 707 4130 veldeserere
725 4085 808 4146 utque
823 4076 953 4128 desistere
973 4085 1001 4124 ct
1015 4071 1048 4126 ad
1066 4089 1115 4124 sua
1128 4071 1237 4122 reverti.

149 4147 336 4199 Arundiuibus
351 4148 444 4220 itaque
461 4149 669 4218 quamplurimis
685 4148 823 4210 collectis,
843 4163 911 4216 quac
928 4153 956 4196 ct
972 4145 1067 4214 longae
1091 4139 1237 4193 admodum

151 4225 179 4271 et
199 4234 281 4289 quam
295 4217 414 4272 manime
429 4219 523 4274 lirmse
536 4234 696 4289 crassaeque
716 4225 805 4271 esscut
816 4255 823 4282 ‚
843 4217 932 4288 iisqne
954 4217 1025 4268 inter
1048 4229 1075 4266 sc
1096 4209 1236 4280 coaptatlp,
