2900 4792
227 223 351 288 xxun
516 191 556 288 'u
580 217 772 289 vrnnlun
795 215 997 288 ermom.

225 372 353 458 seriptis
366 370 577 446 ennelnnaril.
593 375 687 437 lluno
702 374 810 457 itaque
822 371 990 457 Agatblam
1004 374 1190 456 scriptorem
1204 368 1295 432 luen·

224 471 453 552 lentissimum,
474 493 570 555 quem
590 471 668 536 olim
685 474 822 538 Persona
839 472 882 534 ita
905 470 1059 536 lutularat
1081 491 1119 533 ao
1140 469 1298 532 deforma-

224 579 285 650 rat,
294 579 330 634 ut
345 569 533 654 quicunque
552 591 632 644 enus„
642 571 813 658 attingeret
828 570 942 634 merito
952 567 1296 648 exclamaretsdquum
1313 587 1316 592 ·

224 671 381 741 monilium
401 659 605 750 εὐπρόσωπον
622 669 836 756 nitidioreqne
852 669 964 734 babitu
977 689 996 730 a
1010 688 1062 731 me
1078 667 1230 729 donatum
1243 683 1296 725 vo·

223 767 290 846 bis,
312 767 455 831 lllnstres
468 767 728 853 Amplissimique
743 767 837 849 Viri,
857 768 971 832 merito
988 764 1230 830 inscribendum
1249 761 1298 824 di·

225 866 427 948 modumque
452 866 647 930 existimari:
674 867 832 953 primum,
853 867 940 951 qnod
960 886 1001 930 ex
1013 865 1074 928 bac
1091 872 1195 928 vesus
1211 861 1296 922 Aca-

223 965 328 1028 demin
341 965 376 1026 in
392 964 496 1028 lucem
511 965 658 1050 prodests
688 965 722 1028 iu
742 987 806 1048 qua
824 987 925 1050 vum
940 965 1003 1028 iam
1024 962 1179 1028 tredecim
1199 957 1298 1024 circi·

121 1131 124 1138 ,
222 1073 273 1128 ter
295 1085 400 1131 annot,
414 1073 519 1128 vestro
546 1064 706 1130 beneficio
732 1065 957 1131 honestissimo
976 1063 1040 1131 hoc
1063 1062 1130 1128 otio
1151 1055 1296 1138 literario

222 1164 329 1242 fruar,
357 1161 566 1228 vehementer
580 1185 631 1232 me
652 1165 762 1230 officio
779 1185 852 1226 meo
869 1164 1055 1228 defuturum
1073 1159 1202 1245 putavi,
1233 1155 1297 1217 nisi

222 1261 332 1326 wem
345 1282 475 1346 operam
493 1271 529 1324 ut
541 1273 679 1328 exstaret
690 1262 856 1349 publicum
871 1262 1002 1346 aliquod
1018 1258 1192 1345 singularis
1206 1276 1296 1319 meae

221 1380 296 1444 erga
313 1380 370 1424 vos
384 1360 601 1426 observantiae
614 1361 759 1445 gratique
772 1361 871 1424 animi
886 1367 1144 1424 monumentum:
1162 1354 1294 1433 deinde,

220 1457 310 1540 qnod
330 1479 396 1520 non
413 1459 580 1544 indignum
603 1459 694 1522 robis
715 1459 778 1522 boc
796 1459 1023 1523 munusculum
1043 1456 1218 1520 literarium
1241 1453 1296 1515 in·

220 1555 377 1634 dicarem,
409 1577 482 1620 curn
500 1557 540 1620 ob
559 1557 723 1620 authorem
742 1557 845 1642 ipsum
866 1557 924 1642 qui
947 1555 1033 1642 apud
1052 1554 1163 1620 doctos
1183 1572 1294 1616 omnes

153 1727 165 1746 ‚
220 1675 345 1718 summo
369 1676 495 1740 semper
511 1655 573 1718 tuit
591 1659 623 1718 in
644 1656 773 1740 precio,
805 1666 874 1720 tum
897 1677 975 1720 vero
994 1655 1100 1739 magni
1122 1652 1212 1715 illius
1230 1653 1296 1713 lm·

218 1753 375 1838 peratoris
398 1755 488 1818 cuins
516 1754 681 1818 historiam
707 1755 820 1818 scribit
839 1754 987 1830 nomine3
1023 1755 1057 1818 in
1077 1775 1142 1838 qua
1162 1751 1296 1837 quidem

218 1851 353 1916 historia
369 1853 468 1915 multa
485 1853 731 1918 conscribuntur
752 1854 914 1938 sapienter
931 1853 971 1916 ab
984 1853 1042 1916 illo
1055 1852 1296 1937 prudenterque

220 1950 416 2034 excogitata,
443 1951 693 2036 felicissimeque
710 1955 865 2037 perfectu
899 1949 1049 2038 equibus
1069 1947 1228 2041 nonnulle
1245 1947 1295 2010 nti

217 2069 313 2132 spero
333 2048 367 2112 in
389 2071 465 2115 nsua
481 2061 601 2116 vestroe
615 2061 803 2116 convertere
823 2053 968 2136 poteritis
982 2051 1023 2114 ad
1039 2049 1295 2114 florentissimam

216 2148 459 2232 Itempublicam
473 2161 608 2214 vestram
630 2149 853 2216 stabiliendam
872 2160 906 2214 ct
926 2150 1065 2214 nominis
1090 2149 1186 2215 vestri
1205 2148 1294 2212 cele-

93 2244 96 2258 '
215 2247 380 2328 britatem,
411 2270 494 2333 qnae
515 2269 623 2314 rernm
640 2271 700 2336 pro
722 2251 869 2314 libertate
899 2250 1020 2314 tuenda
1041 2259 1199 2335 gestarum
1224 2269 1294 2310 ma·

217 2347 386 2432 gnitudine
405 2345 501 2432 louge
525 2349 652 2433 lsteqne
674 2358 721 2414 est
739 2359 921 2434 propagata,
942 2351 1042 2436 megin
1057 2350 1220 2434 magisque
1235 2369 1296 2410 an-

216 2447 364 2530 gendam.
405 2447 485 2510 Mihi
507 2447 631 2509 interea
649 2447 732 2510 nibil
751 2449 870 2533 gratius
883 2448 1030 2512 accidere
1049 2449 1178 2534 poterit,
1197 2469 1296 2532 qnam

217 2545 436 2629 eiintelligam
453 2545 593 2609 studium
613 2545 676 2610 boc
694 2566 801 2608 meum
818 2546 927 2624 robis,
959 2547 1107 2612 illustres
1127 2548 1297 2634 Amplissi-

128 2683 131 2692 .
219 2641 330 2726 mique
345 2643 437 2722 Viri,
465 2643 613 2728 probari3
642 2664 855 2729 magnumque
875 2645 956 2708 mibi
973 2646 1188 2709 honorificum
1208 2647 1296 2710 iudi·

218 2741 305 2804 oiurn
327 2751 467 2804 vestrm
492 2743 598 2807 calcar
622 2742 783 2806 addiderit
806 2745 846 2806 ad
875 2746 938 2809 alia
965 2745 1002 2810 id
1025 2768 1126 2832 genus
1150 2756 1296 2811 veterum

218 2841 415 2902 Graecorum
439 2851 645 2904 monumenta
672 2863 690 2904 e
715 2842 933 2908 Bibliothecae
962 2866 1052 2908 meae
1073 2869 1161 2931 penu
1182 2845 1296 2930 depro-

218 2938 334 3002 menda
353 2946 388 3002 et
401 2938 514 3002 Latine
534 2939 688 3004 vertenda
707 2940 904 3027 publicoque
922 2944 1196 3012 communicanda.

301 3037 388 3102 Deua
409 3039 484 3123 opu
504 3039 589 3107 nux.
611 3027 758 3104 illustres
778 3042 1040 3128 Amplissimique
1060 3045 1150 3121 Viri,
1172 3044 1295 3127 Reipu-

217 3137 322 3203 blicae
351 3137 485 3220 eiusque
514 3136 684 3202 seminario
703 3140 895 3203 Academiae
919 3161 976 3204 soe
999 3163 1097 3226 qnam
1116 3141 1293 3204 diutissime

191 3244 326 3342 sservet
364 3237 554 3302 incolumes.
613 3238 765 3323 Lugduni
793 3238 998 3322 batavorum,
1032 3241 1129 3304 Anno
1162 3239 1293 3306 Domini

218 3336 398 3399 Mnxclv.
418 3335 555 3400 Kalend.
575 3334 744 3406 Ianuariis.

217 3539 224 3546 ι
302 3465 378 3528 lLL.
403 3465 471 3532 DD.
495 3465 566 3532 VV.

253 3587 255 3594 ,
833 3549 1077 3615 Addictiesimus

731 3667 961 3734 Bosavssruns
983 3665 1174 3735 vaccinus.
