2900 4792
259 205 342 294 328
691 235 902 304 telmisu

112 405 140 456 l.
159 401 191 458 c.
204 393 370 478 558μηκέτι
391 382 521 477 άσφαλῆ
539 387 596 474 την
616 391 710 474 βάσιν
730 391 927 477 παρέχεσθαι
947 395 1010 466 τοῖς
1029 385 1240 476 ἐφεστηκόσιν,
1260 383 1344 454 ἄλλό

160 477 338 566 ω’τούς
367 491 427 572 μὲν
456 491 490 554 ἓν
516 500 582 567 τοϊς
608 488 747 570 κύμασιν
767 485 1001 573 οἷπαβληθέντας
1022 483 1237 568 ἀπόλλυσθαι,
1268 482 1345 561 τούς

257 593 294 655 δέ
314 588 491 668 συνιζάνειν
511 589 545 654 ἐν
573 583 688 666 αύταῖς
729 585 809 676 πρός
838 581 972 674 άνάγκης
1001 586 1055 652 καί
1075 587 1237 673 διαπορεῖν
1256 579 1292 668 ό,
1313 609 1345 650 τι

256 690 312 754 καί
330 685 487 774 δράσαιεν.
530 690 564 753 οἵ
587 711 621 771 γε
646 685 710 772 μὴν
730 684 777 752 ἔτι
817 683 981 774 ἑστηκότες
1012 683 1248 771 διεταράττοντο
1277 682 1342 749 ύπὸ

255 789 311 853 τοῦ
333 787 515 869 κλυδωνίου,
537 786 666 873 μετρίου
688 789 748 869 μὲν
768 778 855 863 ὄντας
883 783 939 850 καί
957 785 1123 869 ἐλαχάπαυ
1143 783 1187 860 σός
1207 785 1241 860 ἐς
1259 781 1363 868 moisi

254 889 380 974 κίνησιν
408 886 464 952 καί
491 880 633 967 αἶκάτων,
665 894 731 963 ταῖς
753 887 789 949 δέ
809 881 959 965 καλάμοις
987 883 1041 948 διά
1070 881 1127 968 τήν
1159 879 1343 970 κουφότητα

227 983 323 1070 οκαίι
331 984 416 1068 μάλα
436 981 675 1069 χαλεπωτάτου.
696 983 851 1070 τοιγάρτοι
862 985 1019 1070 μετέωροί
1035 1006 1069 1046 τε
1088 979 1182 1063 θαμά
1204 983 1342 1066 ἐγίνοντο

253 1082 317 1151 dud
346 1087 451 1173 κυρτηό
472 1081 633 1172 αἰρόμεναι
660 1085 703 1172 τῷ
724 1083 844 1173 ῥοθίῳ,
876 1081 932 1148 καί
957 1081 1217 1166 συγκαθειλκοντα
1242 1073 1341 1157 αὖθις

254 1188 485 1272 καιλαιναμένιμ.
527 1180 582 1246 καί
607 1187 712 1250 τοίνυν
744 1180 773 1248 oi
793 1175 906 1270 ἄνδρες
935 1181 1152 1265 διαμάχεσθαι
1181 1181 1241 1264 μὲν
1263 1175 1339 1248 αύδέ

255 1286 445 1370 ἐπειρῶντο,
466 1275 504 1367 ἦν
524 1283 561 1348 δέ
576 1282 681 1358 αὐτοῖς
697 1277 789 1348 ου’δέν
807 1307 838 1347 τι
855 1285 961 1370 ἕτερον
980 1277 1089 1346 εύκτόν
1105 1304 1139 1345 τε
1156 1282 1212 1344 καί
1228 1281 1384 1346 donov-so

256 1386 430 1465 δυομένου,
452 1374 571 1466 ἢόπως
585 1377 626 1446 dv
646 1379 776 1448 ἑστάναι
794 1384 870 1468 γοῦν
889 1380 985 1465 μόνον
1006 1377 1151 1445 δύναιντο
1173 1377 1228 1443 καί
1245 1385 1342 1466 βεβη-

255 1485 352 1549 κέναι,
395 1476 477 1546 ούτω
509 1483 544 1545 δὲ
573 1482 637 1546 τῶν
666 1479 839 1569 βαρβάρων
868 1483 903 1547 ἐν
922 1479 1049 1567 θορύβῳ
1076 1502 1119 1543 τε,
1141 1477 1197 1544 καί
1215 1477 1342 1568 ύφασίη

254 1573 500 1664 καθεστηκότων,
521 1577 552 1642 οἶ
573 1581 733 1661 Ῥωμαῖοι
749 1581 920 1660 διέκπλους,
934 1575 1003 1644 ὅποι
1018 1577 1171 1664 παρείκοι,
1191 1574 1341 1660 ποιούμε-

254 1703 320 1762 ναι,
339 1671 495 1759 αόθισμαῖς
512 1701 547 1743 τε
574 1679 712 1765 ἐχρῶντο
736 1677 879 1765 καθάπερ
901 1679 935 1744 ἐν
955 1675 1151 1768 πεζομαχίᾳ,
1169 1675 1226 1742 κἀιδ
1242 1675 1342 1766 ταύτῃ

253 1775 388 1852 πολλαός
406 1779 469 1844 τοόν
489 1778 636 1844 ἐναντίων
656 1779 865 1860 κατέβαλλον,
899 1771 955 1842 άτε
976 1774 1015 1862 δὴ
1037 1769 1133 1841 edroi
1149 1773 1382 1860 βεβαιόταταιό

253 1877 289 1942 ἐν
308 1885 379 1954 ταῖς
400 1872 527 1940 ὁλκάσιν
546 1875 773 1963 ἐρηρεισμέναι·
800 1877 904 1954 ἐνίους
925 1877 960 1941 δὲ
980 1883 1046 1952 τοῖς
1075 1875 1198 1963 ξίφεσιν
1217 1877 1253 1940 ἐκ
1270 1899 1341 1958 χει-

253 1971 310 2062 ρός
346 1974 533 2060 πλήττοντες
563 1971 706 2040 ἔκτεινον.
749 1973 820 2042 ἐπεὶ
852 1975 888 2040 δέ
914 1998 948 2060 γε
969 1967 1076 2039 adroic
1104 1976 1266 2057 παλλαχού
1286 1977 1342 2038 καί

224 2068 507 2161 Βάφειστὴκεσαν,
537 2076 593 2140 καί
611 2067 698 2140 odrico
726 2075 895 2157 ἐπέλαζον,
920 2075 1060 2140 ἐνταῦθα
1086 2079 1153 2149 τοῖς
1180 2073 1341 2159 δορατίοις

250 2169 468 2259 ἐφικνούμενοι
500 2171 557 2239 καέ
580 2171 638 2249 τάς
667 2173 879 2261 δρεπαναόδεις
905 2173 1024 2240 τούτων
1044 2170 1167 2256 αἰχμάς
1187 2179 1258 2248 ταῖς
1276 2197 1341 2258 μη-

250 2272 374 2358 ράθοις
394 2274 546 2356 ἐκείναις,
568 2267 621 2352 αἷς
641 2270 680 2359 δὴ
703 2273 734 2338 αῖ
756 2271 891 2356 κάλαμοι
912 2269 1081 2358 ἐτύγχανον
1101 2273 1379 2355 συμπεπλεγμμο

250 2391 310 2451 ναι,
332 2369 559 2456 ἐμβάλλοντες,
588 2373 750 2455 ἐξέτεμνον
770 2371 938 2458 στοιχηδὸν
958 2373 1104 2455 ἁπάσας,
1137 2369 1193 2436 καί
1211 2373 1340 2436 διέλυον

250 2465 305 2555 την
332 2472 508 2555 συνέχειαν.
548 2471 619 2537 τότε
646 2470 685 2558 δη
716 2465 774 2538 odo
801 2470 832 2537 oi
859 2475 920 2554 μὲν
948 2473 1077 2547 δόνακες
1110 2465 1339 2557 ἀποτμηγέντες

319 2613 345 2668 ό.
363 2613 414 2666 Pro
432 2611 471 2672 sic
486 2612 599 2680 ἐικηάν
616 2616 645 2669 lt.
664 2592 780 2670 eslim.
856 2617 894 2670 rb.
914 2611 968 2680 ὅπη
987 2615 1017 2669 lt.
1069 2616 1203 2682 παρείκοι
1223 2611 1338 2685 lt.(cl.)‚

319 2681 449 2755 nupsisses
466 2685 537 2756 vulg.
590 2686 630 2754 14.
647 2683 810 2756 ιδθιαομοτς
826 2685 867 2752 lt,
884 2686 1005 2776 ολθισμβ
1018 2685 1088 2758 vulg.
1136 2689 1175 2741 rt.
1194 2683 1339 2742 δ...τίαις

316 2751 522 2891 μηηρκρύμὶεὶρι
548 2757 577 2808 lt.
716 2773 762 2818 ao.
790 2753 910 2810 κάλα...
938 2757 1093 2828 ἐτυγχακ..
1122 2757 1152 2810 lt.
1293 2773 1336 2810 aa.

250 2960 299 3012 slll
316 2961 347 3013 ln
364 2961 400 3014 iis
419 2961 570 3014 necessario
588 2961 778 3026 considerent,
805 2962 874 3035 quid
891 2963 1000 3016 consilii
1018 2969 1147 3032 caperent
1165 2963 1333 3015 nescientes:

252 3033 356 3102 quique
366 3030 455 3084 adbuc
472 3034 555 3086 erecti
573 3033 690 3098 stabant,
708 3043 798 3086 aestus
816 3034 915 3086 marini
932 3035 958 3088 ri
978 3031 1221 3097 conturbabantur,
1238 3032 1336 3085 mode·

251 3110 311 3154 rato
334 3101 446 3173 quidem
464 3103 513 3156 illo
536 3111 618 3173 atque
644 3104 742 3173 exigno
767 3103 801 3156 ad
818 3107 929 3156 navium
955 3103 1162 3174 lemborumque
1181 3104 1334 3175 quassatio-

249 3187 323 3236 nem,
340 3171 519 3226 arundinibus
538 3183 630 3226 autem
646 3184 758 3243 propter
782 3174 921 3226 levitatem
945 3189 1115 3240 summopere
1141 3173 1242 3226 noxio:
1262 3191 1334 3245 quo-

249 3241 320 3294 eirea
338 3243 496 3312 frequenter
516 3243 759 3296 intumescentibus
775 3244 804 3297 in
823 3261 971 3296 convexum
991 3243 1082 3306 undis,
1100 3243 1231 3296 sublimes
1249 3244 1333 3296 tolle-

248 3311 368 3375 bantur,
395 3309 546 3383 iisdemque
564 3313 759 3378 residentibus,
780 3332 835 3366 una
856 3316 885 3366 in
908 3317 991 3366 imum
1016 3313 1219 3369 deserebantur.
1272 3313 1334 3366 virt

249 3382 343 3452 itaque
361 3381 505 3450 confligere
530 3401 565 3436 ne
582 3392 724 3436 tentarunt
742 3383 863 3454 quidem,
895 3385 967 3437 nibil
990 3401 1054 3438 vero
1080 3387 1162 3455 magis
1182 3384 1226 3437 vel
1250 3393 1333 3454 opta-

249 3453 319 3506 bant
335 3453 380 3505 vel
395 3451 593 3517 allaborabant,
602 3471 683 3525 quam
701 3463 733 3506 ut
745 3455 891 3508 subsistere
901 3463 1007 3508 tuntum
1020 3465 1132 3522 possent
1142 3463 1170 3506 et
1185 3455 1332 3508 obfirmari.

249 3523 375 3575 barbaris
392 3538 457 3574 vero
481 3524 510 3574 in
527 3523 578 3576 hae
601 3525 808 3594 perturbatione
836 3535 864 3578 et
881 3527 1064 3595 perplexitate
1083 3527 1257 3588 constitutis,
1276 3527 1332 3578 lto-

247 3594 322 3644 mani
339 3593 510 3645 excursiones
522 3595 639 3658 navales,
658 3595 720 3648 data
729 3597 942 3665 opportunitate,
960 3595 1100 3660 iacientes,
1117 3596 1332 3665 impulsionibus

247 3661 363 3733 perinde
381 3673 464 3734 atque
483 3665 512 3716 in
532 3665 652 3733 pedestri
670 3667 816 3718 certamine
836 3666 1000 3730 utebantur,
1029 3683 1115 3738 euque
1133 3669 1239 3719 ratione
1259 3667 1333 3718 mul-

247 3740 290 3785 tos
309 3749 343 3783 ex
359 3731 485 3786 hostibus
503 3733 703 3800 deturbabant,
723 3737 825 3807 quippe
844 3739 892 3808 qui
910 3737 1063 3788 firmissime
1081 3738 1111 3790 in
1129 3737 1186 3790 suis
1204 3737 1331 3789 actuariis

247 3802 363 3855 stabiliti
389 3805 593 3873 subsistebant,
628 3807 775 3860 nonnullos
801 3817 892 3860 auteur
917 3807 1028 3859 ensibus
1052 3807 1174 3859 cominus
1200 3808 1331 3860 ferientes

247 3873 418 3926 obtruncant
438 3876 506 3926 Cum
523 3893 587 3928 vero
608 3876 716 3946 longius
735 3877 769 3929 ab
788 3878 854 3947 ipsis
872 3877 970 3930 remoti
990 3887 1089 3940 esseut,
1107 3895 1197 3948 neque
1215 3893 1264 3947 pro
1285 3881 1331 3930 io-

248 3961 290 3998 res
309 3944 422 4008 fierent,
448 3953 506 3996 tum
527 3946 652 4015 oblongis
677 3945 764 4000 hastis
783 3965 828 4000 eos
846 3947 1055 4012 adoriebantur,
1082 3948 1249 4020 falcatisque
1266 3895 1330 4001 Ear-

246 4017 361 4086 pagincs
378 4015 495 4068 restibus
512 4016 579 4078 illis,
598 4016 700 4088 quibus
716 4018 863 4072 arundines
883 4026 962 4070 eraut
978 4019 1128 4088 colligatae,
1140 4021 1328 4084 immittentes,

247 4086 436 4140 dissecuerunt
460 4102 495 4138 ex
514 4086 611 4138 ordiue
628 4089 767 4140 universas
797 4096 826 4141 et
853 4105 1006 4158 compagem
1030 4089 1220 4142 dissolverunt
1257 4089 1328 4142 Turn

248 4155 357 4209 demum
374 4155 496 4212 dissectis
515 4156 684 4214 abinvicem
701 4157 828 4222 calamis,
853 4159 1020 4231 sparsimque
1040 4159 1107 4214 mari
1126 4160 1324 4224 insistentibus,
