2900 4792
515 225 557 288 ια
585 222 814 288 sosrfflsn.
1122 195 1209 306 349

120 385 216 453 cuius
231 384 396 448 πιόταταί
414 379 565 446 imitstor.
595 379 777 462 Coniungit
796 399 873 442 vero
893 379 977 444 iilud
998 379 1132 444 verbum
1148 379 1212 441 Ho-

121 492 231 550 merus
244 469 297 530 vel
308 489 382 530 cum
393 464 538 548 genitivo
552 485 639 544 cocu,
657 473 693 526 ut
708 456 819 526 όόοοσ.
837 486 872 525 ω.
894 452 930 525 τό
946 463 1084 562 ptumo
1101 455 1215 526 Ὀδυσ-

120 554 213 636 σῆος.
249 551 313 614 vet
327 572 403 612 cum
421 547 606 611 accusetiso
623 569 718 624 cun,
741 558 777 608 ut
796 544 837 608 ἰλ.
854 569 876 614 ι.
897 567 950 609 και
962 547 1126 628 μέμνημαι
1140 539 1217 607 τάδε

121 631 236 700 πάντα.
257 635 312 696 nbi
327 631 516 697 Eustuthiue
532 639 644 692 mouet
662 625 841 693 noteudum
858 651 926 694 esse
944 631 1077 694 verbum
1094 628 1217 710 μέμνη-

121 741 186 800 μαι
206 717 291 802 epud
312 725 436 776 veteres
456 733 521 775 non
539 715 643 776 solum
665 714 791 798 vulgari
810 715 867 776 itta
888 725 921 776 et
937 713 1102 776 communi
1120 711 1219 814 signi·

124 804 279 866 ficatione
298 799 401 882 accipi
427 817 488 880 pro
510 797 712 867 meminisse;
746 797 802 861 sed
829 798 925 858 etiem
948 797 1049 882 accipi
1067 817 1126 878 pro
1149 815 1215 856 επι-

124 885 314 966 μιλιῖοθαι,
335 883 397 944 hoo
413 891 462 942 est
477 901 587 942 curem
607 900 741 964 gerere,
764 888 799 940 ut
819 879 852 941 iu
870 881 947 959 iiio,
968 879 1129 960 μεμνέωτο
1146 871 1220 960 ‹ipo-

124 990 203 1049 μου,
225 975 258 1030 et
273 965 460 1047 μεμνῆσθαι
475 955 591 1045 πατρὸς
606 961 661 1023 καὶ
677 958 807 1044 μητρός.
830 963 892 1028 hoc
906 972 956 1026 est
968 985 1077 1028 curem
1094 982 1220 1046 gerere.

125 1049 220 1136 quod
236 1048 389 1134 Ulysses,
417 1045 549 1108 Troiam
566 1067 676 1109 versus
689 1047 903 1130 shnssignns,
931 1046 1113 1130 Penelopae
1130 1065 1223 1107 men·

127 1137 229 1198 dmt.
264 1134 337 1212 Qun
352 1132 449 1193 etiem
464 1127 700 1210 significatione
722 1129 808 1191 idern
831 1130 1017 1194 Eustathius
1033 1130 1137 1211 accipi
1154 1126 1224 1190 vuit

129 1212 167 1279 τό
181 1211 330 1296 μνήμων,
351 1213 384 1274 iu
406 1234 445 1275 eo
463 1213 563 1289 dieto,
593 1212 679 1288 μισῶ
698 1206 843 1294 μνήμονα
858 1207 1042 1294 σομπότηνι
1072 1211 1128 1274 uti
1145 1204 1225 1291 μνή-

128 1321 213 1381 μονα
236 1319 301 1359 nou
323 1297 394 1358 ταΙι
410 1293 516 1378 accipi
535 1315 597 1378 pro
614 1317 756 1357 memore
776 1295 1002 1362 hesternorum
1020 1303 1225 1402 peccatorum

130 1379 384 1454 convivialium,
409 1377 467 1439 eed
488 1398 550 1480 pro
566 1398 604 1437 eo
622 1379 678 1460 qui
698 1387 745 1440 est
762 1365 842 1458 si'yav
861 1377 1050 1462 ἐπιμελητης
1070 1375 1128 1440 τοῦ
1143 1399 1227 1455 σομ-

131 1459 257 1528 ποσάον.
286 1461 443 1541 μωοόμεν
461 1482 543 1542 γαρ,
568 1459 694 1543 inquit,
723 1455 780 1522 τόν
795 1457 830 1524 όν
850 1455 1002 1538 τοιούτοις
1018 1457 1227 1540 ἐπιμελούμε-

131 1567 188 1612 νον
205 1546 261 1608 καί
274 1538 492 1607 ἐπιτάσσοντα.
512 1543 602 1626 quod
619 1543 751 1628 quidem
766 1563 805 1604 eo
824 1545 924 1628 magis
946 1545 1078 1628 dignum
1103 1551 1151 1605 est
1169 1563 1229 1604 uo-

132 1640 222 1710 mn,
255 1649 322 1712 qno
340 1625 501 1711 vulgatior
522 1634 570 1688 eet
592 1647 683 1688 error
699 1627 733 1686 in
754 1646 815 1688 usu
835 1627 925 1691 iliius
949 1627 1028 1690 dicti
1040 1675 1050 1709 ‚
1071 1626 1136 1690 Odi
1164 1647 1229 1688 me·

133 1735 260 1777 morem
283 1719 520 1794 compotoresne
543 1731 617 1770 cnm
636 1707 744 1794 potius
766 1710 941 1772 dicendum
966 1722 1068 1790 esset,
1091 1709 1155 1772 Odi
1176 1707 1229 1768 ni-

133 1799 193 1862 mis
209 1803 394 1857 accuratum
418 1791 472 1855 sel
492 1792 699 1876 imperiosum
716 1792 895 1858 convivam.
916 1791 1002 1855 Melo
1021 1794 1109 1858 euim
1130 1792 1229 1856 etiem

134 1873 302 1960 συμπότην
330 1875 499 1938 convivam
528 1874 757 1960 interpretari,
793 1897 891 1957 quem
919 1886 1148 1960 compotorem.
1192 1873 1229 1934 Si

136 1964 224 2027 euim
247 1957 424 2039 συμπόσιον
444 1957 628 2018 convivium
646 1967 734 2020 recto
753 1977 794 2020 ex
808 1958 976 2021 Ciceronis
994 1959 1155 2021 sententis
1176 1955 1230 2018 di-

135 2045 259 2122 cimus,
287 2043 372 2104 bene
394 2040 491 2103 etiarn
509 2032 672 2121 συμπότην
678 2087 689 2118 ,
709 2041 890 2104 convivens.
921 2041 983 2104 nisi
1005 2043 1088 2104 forte
1105 2031 1231 2118 συμπό-

134 2125 400 2192 owrcoobibium
415 2122 621 2208 interpretari
632 2124 730 2187 veiis:
752 2125 808 2188 sed
824 2123 905 2186 haec
914 2125 1090 2208 παρέργως.
1118 2125 1230 2189 liuns.

137 2214 174 2289 [l.
187 2220 245 2287 rs.]
266 2202 328 2291 πρό
341 2207 462 2269 πολλῶν
481 2201 656 2289 χρημάτων
675 2206 730 2268 καί
746 2201 851 2268 πόνων
867 2199 952 2285 ἔχειν
964 2209 1125 2288 τιμῶνται.
1145 2207 1232 2287 Lege

138 2315 212 2357 meo
230 2293 379 2375 periouto
397 2287 509 2374 πόρων.
533 2311 569 2350 en
589 2289 825 2372 significatione
845 2309 908 2375 quo
923 2291 1044 2354 dicitur
1058 2289 1157 2370 μόγας
1174 2284 1234 2349 πό-

138 2399 194 2462 ρος
214 2366 395 2458 αὐτάρκεια.
431 2371 591 2456 προτιμᾷν
617 2393 697 2434 vero
716 2384 764 2435 est
790 2373 853 2436 hoc
877 2373 952 2436 loco
971 2371 1167 2456 φροντίζειν,
1197 2383 1235 2435 ut

139 2461 227 2544 apud
249 2455 498 2539 Aristophanem
516 2453 612 2518 οὐδὲν
630 2455 772 2538 προτιμῶ
789 2477 858 2518 ooo.
899 2457 1018 2524 limo'i.
1039 2458 1075 2540 [1.
1088 2458 1146 2532 ι5.]
1164 2453 1235 2518 ἐπι-

138 2547 270 2630 χειροῖν.
297 2539 481 2604 infinitivus
497 2537 605 2604 Attice
622 2561 684 2622 pro
699 2539 902 2624 imperativo.

223 2655 301 2736 rag.
318 2655 371 2718 86.
382 2655 439 2723 lin.
454 2675 506 2719 αι.
522 2655 608 2733 [164,
625 2661 667 2738 7.]
682 2650 717 2716 τό
732 2649 871 2738 άνόητον.
908 2655 1038 2720 Rectius
1052 2677 1125 2718 meo
1143 2654 1262 2723 iudi-P.
1272 2665 1329 2726 tet

142 2739 195 2802 cio
211 2738 329 2822 legeris
341 2729 498 2820 άνόνητον,
515 2749 552 2799 ut
572 2741 668 2799 etiam
687 2739 780 2801 verti.
826 2739 987 2817 timul.
1004 2740 1064 2816 16.]
1079 2737 1153 2812 πῶς.
1164 2762 1234 2802 sne-

143 2823 209 2886 lius
226 2821 369 2884 fortassis
383 2816 439 2892 οός.
484 2819 1002 2903 Ιίνι.44.[ι65,η.]κακοόαιμονάιν.
1015 2823 1235 2902 Verti,Auimi

134 2905 324 2990 feritatem,
349 2905 438 2985 qnod
451 2903 652 2966 commodius
668 2903 861 2966 vocabulum
876 2927 941 2968 nou
964 2917 1128 2979 occurrst3
1156 2916 1235 2966 tem·

144 2989 205 3052 etsi
220 3009 285 3050 non
304 2986 450 3070 ignorem
465 2987 696 3064 κακοδαίμονας
709 2987 939 3068 maiegeniutos
952 2991 1017 3052 diei
1032 3012 1136 3073 posse.
1156 2989 1237 3051 Nem

144 3072 234 3157 quod
247 3072 389 3134 Persona
403 3066 648 3148 κακοδαιμονίαν
665 3070 762 3134 vertit
773 3069 1014 3152 Infeliciratem,
1036 3093 1100 3135 non
1118 3067 1238 3156 plicet.

158 3227 162 3231 ,
227 3171 306 3250 rag.
321 3169 373 3249 87.
392 3169 448 3231 lin.
467 3171 513 3235 15.
531 3169 617 3250 1166,
636 3169 681 3246 6.]
697 3164 734 3230 τό
755 3163 847 3232 ἴδιον.
869 3171 951 3234 verti
967 3171 1095 3258 affines.
1116 3167 1237 3254 ἰδιότης

144 3253 235 3320 enirn
253 3262 303 3314 est
320 3251 492 3332 σογγένεια.

231 3351 308 3430 rag.
319 3351 371 3415 88.
389 3351 446 3413 lin.
460 3351 505 3416 15.
524 3348 616 3429 1168,
640 3359 681 3426 ι.]
701 3345 757 3412 ἐπὶ
775 3349 819 3438 τῷ
833 3351 975 3440 κειμένη.
995 3353 1090 3434 verti,
1112 3355 1152 3418 ob
1167 3375 1239 3417 cae.

146 3433 220 3496 dem
236 3435 451 3496 commissum:
477 3429 619 3509 κτάμενον
639 3432 728 3495 enim
753 3435 946 3520 interpretor
965 3433 1149 3519 τεθνηκότα,
1173 3443 1238 3500 κεῖ-

147 3519 227 3578 ustae
243 3516 332 3577 enim
353 3515 515 3577 veteribus
532 3517 747 3600 usurpabatur
763 3538 821 3602 pro
846 3517 1060 3600 πεπτωκέναι,
1087 3529 1123 3582 ut
1141 3515 1185 3594 οός
1208 3519 1238 3582 δ’
1337 3545 1340 3552 ·

140 3593 260 3680 Ἕκτωρ
278 3599 335 3660 νῦν
356 3597 391 3658 όν
405 3597 501 3684 πεόίην
515 3597 671 3677 reticem,-
692 3609 725 3662 et
746 3622 804 3686 pro
822 3601 999 3686 τεθάφθαι,
1020 3613 1056 3665 ut
1076 3597 1156 3666 ἔνθα
1179 3605 1335 3684 μὲνναᾶο

149 3679 237 3755 Αἴας
260 3687 378 3742 κεῖταιι
414 3689 447 3743 et
470 3703 529 3766 pro
546 3683 742 3764 τεθνηκέναι.
771 3694 808 3746 ut
825 3691 927 3746 κεῖται
943 3679 1141 3768 Πάτροκλος.
1176 3691 1241 3752 Nos

150 3766 248 3826 etium
273 3764 398 3847 vuigoni
422 3776 535 3828 nostro
565 3763 717 3830 idiomate
735 3767 919 3829 Teutonico
950 3769 1089 3834 dicimus
1113 3771 1241 3834 Nodos·-

149 3847 292 3928 tegghen‚
315 3848 510 3910 interficere.
532 3851 621 3932 qnod
630 3860 711 3934 puto
725 3851 899 3937 respondet
909 3851 1025 3916 Letiuo
1042 3853 1142 3918 serbo
1158 3865 1241 3918 ster-

152 3950 241 3994 nere.
262 3939 299 3990 ut
313 3940 458 3994 sternere
479 3931 556 3998 icto.

233 4027 313 4110 rag.
329 4049 382 4110 92.
400 4027 592 4109 liu.s.1175,
614 4037 672 4106 ια]
686 4024 829 4110 σκόραις.
852 4032 934 4096 verti
951 4033 1083 4121 Serapis
1095 4035 1240 4100 involuti.

152 4111 307 4193 Persona,
322 4111 417 4176 Veste
426 4113 563 4195 oblongo
571 4113 763 4199 praepediti.
773 4135 872 4198 qum
881 4127 1002 4184 restem
1012 4128 1104 4205 putet
1119 4119 1240 4184 nescio.
