2900 4792
411 272 695 339 ursrouraurur
723 248 777 340 ui.
809 280 858 345 ιο.
1100 234 1198 358 229x

103 432 230 513 χθημεν
249 417 307 506 ἀν,
337 423 377 489 ori
394 424 456 513 γάρ
476 422 578 493 ἔνεστι
601 428 678 503 τούς
700 426 760 513 τη’ν
780 420 884 512 ἀκμὴν
910 427 969 491 τοῦ
994 430 1264 509 saturamque.
1282 440 1332 497 555

104 529 220 611 καιροῦ
242 527 455 610 περιορῶντας
469 524 525 591 καί
542 524 588 611 μη
606 534 672 602 τοῖς
691 530 858 613 πρακτέοις
876 524 1129 611 ἀρμοζομόνους,
1151 514 1316 591 &14²9

104 620 230 711 ἀστέριμ
245 618 281 686 τό
295 627 484 708 παρειμένον
498 620 733 691 ἀνακαλεῖσθαι
754 624 892 691 ἐλείπετο
910 622 949 708 δι’]
966 614 1040 705 οὖν,
1061 623 1105 699 οός
1122 620 1187 688 ἔοι-

103 747 158 805 κε,
179 717 265 786 καθά
284 746 381 807 φασιν
398 720 429 787 οἱ
444 723 628 812 κατήγοροι,
649 727 738 809 δίκην
754 722 824 791 τινά
845 731 941 789 κινεῖν
960 721 1039 809 πρὸς
1062 726 1093 787 Γ
1091 724 1189 803 οοβά..

85 822 183 905 5ζην,
211 822 266 883 κατ’
277 819 428 905 ληρώδεις
442 814 565 903 ἀγῶνας
582 823 731 909 ἐγείρειν,
756 822 811 887 καί
830 826 886 907 τῆς
910 824 974 887 τοῖν
995 820 1189 907 πραγμάτων

105 918 286 1006 ἀσφαλείας
303 914 530 1005 ἀνθαιρεῖσθαι
545 922 665 1002 μᾶλλον
681 919 740 1007 τὴν
759 923 814 987 ἐπὶ
827 930 890 996 τοῖς
905 918 1007 1005 λόγοις
1025 921 1189 1001 κομψείαν.

103 1010 175 1083 ἀλλ’
196 1011 235 1081 οά
260 1015 478 1104 συνεχώρουν,
514 1008 541 1082 ei
563 1021 803 1101 κακοδαιμονες,
832 1016 862 1083 οἱ
884 1021 1016 1105 Πέρσαι
1036 1016 1216 1102 παρόντεςΒ

104 1118 162 1181 καί
173 1123 241 1191 τοῖς
257 1112 358 1201 ἔργοις
378 1114 568 1199 δγκειμενοι,
599 1120 730 1203 καὶτῆς
753 1119 913 1203 Κολχικῆς
934 1114 1044 1203 χώρας
1069 1116 1191 1199 ἁπάσης

105 1222 177 1291 ταῖς
203 1213 316 1280 τοότου
338 1220 469 1297 βουλαῖς
493 1214 767 1299 ἐπιλαμβάνεσθαι
789 1218 1086 1304 παρεσκευασμένοι
1122 1210 1194 1277 ἐπεὶ

72 1316 145 1379 rodi
157 1310 363 1395 πανταχόθεν
382 1308 400 1379 ό
416 1315 448 1378 Γ
446 1313 581 1401 ουβάζης
599 1308 819 1382 ἀποδέδεικται
832 1314 980 1398 πολέμιός
996 1339 1030 1379 τε
1042 1316 1097 1377 καί
1114 1334 1191 1397 προ-

107 1407 226 1497 δότης,
252 1408 306 1475 καὶ
327 1408 406 1497 πρός
425 1411 614 1497 τυραννικὰς
633 1412 765 1491 ἐλπίδας
790 1409 926 1501 ἠρμένος
933 1464 943 1495 ,
971 1411 1009 1477 αι’
1030 1412 1193 1497 διαφέρειν

106 1508 229 1575 οἴονται
249 1511 360 1596 σφίσιν
382 1511 411 1575 οἱ
429 1510 569 1595 Κόλχοι,
598 1508 661 1577 εἴτε
683 1516 759 1600 παρ’
782 1508 873 1597 ἡμῶν
897 1510 960 1578 εἴτε
984 1516 1060 1598 παρ’
1076 1506 1193 1595 ἑτέρων

106 1606 279 1696 ἀνῄρηται,
308 1602 347 1671 οά
366 1606 428 1696 γάρ
441 1619 624 1695 στρατηγοῖς
641 1606 789 1696 μόνοιςῆ
806 1618 872 1689 τοῖς
890 1602 993 1687 άλλως
1012 1604 1195 1675 δυνατωτά-

106 1706 209 1783 τοιςό
230 1710 287 1792 τῆς
309 1702 437 1784 εάνοόας
459 1710 563 1773 ε’θὲλει
582 1707 698 1786 σκοπός
710 1712 894 1797 ἐμφύεσθαι
909 1712 965 1777 καί
985 1706 1196 1797 προσιζάνειν·

73 1800 196 1874 rualli
221 1803 318 1871 παντὶ
341 1808 386 1895 τῷ
409 1810 591 1896 βουλομένῳ
616 1806 714 1890 βατόν
744 1805 844 1893 δήπου
877 1812 933 1875 καὶ
963 1810 1117 1890 προσῆκον
1140 1804 1197 1887 τῆς

106 1908 144 1969 ἐν
160 1898 182 1993 ᾖ
198 1906 346 1971 τέτακται
364 1904 519 1980 πολιτειλις
534 1905 741 1992 όπεραλγεῖν,
769 1904 878 1973 καὶτὸ
897 1907 984 1993 κοινῇ
1002 1912 1145 1970 συνοῖσον
1165 1903 1198 1977 ἐς

46 2083 50 2091 ,
108 2002 249 2085 δόναμιν
263 2004 449 2090 κατορθοῦν.
479 1998 592 2070 οάκοιῖν
613 2007 645 2071 εἰ
664 2008 720 2070 κατ’
740 2007 892 2091 βδελυροὶ
914 2007 983 2070 κατ’
1001 1996 1120 2077 αάτοός
1144 1998 1201 2062 κατ’

108 2101 327 2167 κατάπτυστοι
348 2100 601 2189 καθεστὴκαμεν,
630 2098 712 2169 ἀλλά
731 2102 916 2171 πιστότατοι
933 2107 1062 2187 βασιλεῖ
1073 2096 1127 2163 καί
1142 2111 1226 2183 φοῦ

110 2201 298 2286 λορώμαιοι,
316 2198 371 2265 καὶ
388 2193 450 2265 οἷοι
462 2210 527 2279 τοῖς
554 2206 771 2287 ἐπιβουλεύειν
780 2204 985 2289 πειρωμένοις
1001 2188 1046 2283 μό
1062 2200 1200 2285 ἐφιέναι,

72 2302 145 2365 αοεί
161 2302 196 2365 δὲ
216 2302 270 2365 δεῖ
288 2326 319 2363 τι
340 2298 397 2365 καὶ
413 2303 508 2366 πλέον
525 2304 640 2383 εἰπεῖν,
661 2298 732 2366 ἴσθι
747 2304 857 2388 σαφώς
878 2291 925 2383 ,sl
944 2294 1085 2378 δικαστά,
1104 2289 1201 2358 καλόν

111 2402 176 2481 μὲν
192 2396 235 2475 ώς
251 2400 377 2484 ἀληθώς
396 2398 451 2465 καὶ
471 2399 593 2465 δίκαιον
610 2398 647 2465 τό
662 2403 736 2487 παρ’
753 2396 841 2486 ἡμῶν
863 2400 1014 2473 ἐνδέουσι
1032 2396 1201 2480 τολμηθὲν,

112 2494 174 2564 οάκ
193 2491 269 2565 ἀνευ
290 2502 325 2564 δὲ
343 2502 399 2585 τῆς
417 2501 475 2564 τοῦ
490 2498 659 2585 Μαρτόνου
681 2496 806 2584 γνώμης
826 2498 1057 2585 γεγειημένον.”

186 2602 214 2663 5,
232 2599 347 2674 βγεῖραι
363 2604 394 2655 il.
435 2605 461 2655 6.
480 2599 681 2675 decerperetur
693 2604 724 2653 R.
748 2618 814 2655 μοι.
833 2608 861 2655 et
872 2600 966 2671 lugu,
984 2598 1165 2669 dereputetur
1174 2599 1202 2649 ll.

186 2693 212 2729 2·
236 2690 272 2725 m.
377 2676 401 2727 8.
428 2676 477 2725 ιιαλ
493 2676 544 2738 τῆς
560 2676 596 2725 Κ.
615 2703 647 2715 -
665 2675 934 2745 παρεσκευασμένοι
952 2687 1004 2722 om.
1025 2671 1052 2721 ll.
1075 2670 1202 2739 etintpr.

189 2746 230 2797 ιθ
249 2750 359 2801 κοινοῖς
375 2744 404 2796 u
480 2747 518 2800 18·
539 2741 758 2815 φιλορρώμαιοι
776 2745 846 2815 vulg.
899 2760 941 2796 na.
959 2742 1011 2792 τοῦ
1030 2756 1082 2793 om.
1099 2742 1128 2791 ll.

115 2862 171 2901 nse
189 2848 341 2901 occasionis
356 2854 523 2901 momenmm
538 2848 710 2918 neglexerit,
735 2862 827 2918 neque
844 2847 934 2899 statim
954 2845 994 2895 rei
1011 2842 1144 2911 gerendae
1163 2842 1204 2895 sa-

118 2917 250 2969 cultntem
275 2920 441 2988 arripuerit,
465 2920 564 2970 frustra
587 2916 688 2969 deinde
708 2918 920 2985 praeterlapsuur
941 2914 1110 2979 occasionem
1128 2930 1206 2971 revo-

116 2988 200 3039 cabit
236 2989 382 3059 Reliquum
401 2990 485 3059 igitur
510 2996 569 3041 erat
593 2988 740 3048 fortassis,
763 2995 795 3038 ut
817 2993 987 3047 accusatores¹
1003 2982 1102 3044 aiunt,
1128 2976 1207 3032 litem

117 3057 255 3128 quandam
278 3075 388 3112 movere
411 3058 540 3122 Gabari,
564 3066 593 3111 et
617 3057 789 3126 nugatoriam
813 3056 843 3107 in
871 3054 975 3107 iudicio
1002 3054 1208 3105 contentionem

117 3130 258 3191 excitare,
281 3145 427 3199 rerumque
448 3129 589 3181 securitati
605 3127 750 3180 uerborum
765 3125 898 3194 ampullas
916 3123 1060 3191 praeferre.
1097 3124 1131 3175 At
1150 3136 1208 3170 nou

115 3199 316 3267 permittebant
332 3198 399 3262 hoc,
418 3218 434 3251 o
449 3200 557 3262 miseri,
578 3200 673 3250 Persae
696 3196 749 3249 iam
766 3202 944 3265 praesentes,
970 3208 1053 3261 reque
1077 3190 1135 3258 ipsa
1153 3190 1207 3239 im-

118 3269 271 3333 minentes,
288 3279 317 3321 et
334 3270 370 3321 ud
384 3270 538 3321 uniuersam
554 3266 717 3321 Colchorum
734 3266 873 3335 regionem
890 3263 972 3315 huius
991 3260 1115 3313 consilio⁴
1125 3265 1207 3327 atquc

120 3356 174 3407 ope
191 3338 374 3391 invadendam
390 3340 487 3409 parati.
524 3338 592 3391 Cum
619 3354 682 3389 vero
707 3338 818 3388 omnino
839 3334 1036 3387 demonstratus
1055 3332 1092 3381 sit
1112 3328 1207 3381 Guha-

120 3426 165 3461 που
181 3408 270 3463 hostis
293 3412 397 3479 pariter
416 3418 444 3463 et
470 3408 611 3479 proditor,
630 3407 777 3477 animoque
800 3404 834 3457 acl
858 3408 1012 3472 tyrannicas
1032 3418 1092 3469 spes
1121 3400 1208 3461 elato,

121 3478 190 3547 quiri
210 3479 343 3533 interesse
364 3489 463 3548 putant
477 3478 587 3542 Colchi,
608 3478 664 3531 sive
686 3495 703 3529 a
719 3475 800 3529 nobis
818 3476 875 3529 aive
895 3474 930 3525 ab
953 3474 1014 3525 aliis
1036 3474 1073 3523 sit
1092 3468 1207 3531 interse-

124 3548 213 3600 etus?
248 3550 345 3621 Neque
363 3552 438 3603 enirn
458 3548 573 3601 ducibus
591 3555 698 3601 mutum
731 3556 778 3601 aut
803 3544 927 3613 alioquin
945 3546 996 3607 iis,
1020 3543 1067 3612 qui
1094 3542 1211 3595 maxima

123 3619 250 3687 potentia
271 3622 379 3683 valent,
402 3620 476 3671 bona
498 3636 575 3671 ruens
597 3619 701 3671 innasci
728 3625 811 3687 atque
835 3614 1026 3667 adhaerescere
1049 3610 1137 3674 solet,
1163 3608 1213 3661 scd

124 3687 210 3739 cuivis
228 3693 338 3743 omnino
358 3690 461 3743 volenti
485 3690 604 3741 liberum
619 3689 839 3758 conveniensque
858 3693 918 3747 cst,
934 3702 983 3753 pro
1002 3682 1164 3749 republica,
1182 3680 1212 3731 in

126 3776 181 3829 qua
204 3758 296 3809 locum
314 3764 435 3832 aliquem
449 3760 567 3823 obtinet,
587 3760 722 3822 laborare,
742 3765 771 3808 et
792 3757 827 3809 ad
846 3771 987 3807 commune
1007 3751 1109 3807 bouum
1130 3766 1212 3821 prae-

126 3827 254 3879 standum
279 3832 403 3883 omnibus
424 3830 528 3884 viribus
554 3828 651 3882 adniti.
687 3828 825 3898 Quocirca
850 3826 957 3877 tametsi
985 3822 1152 3883 execrabiles
1177 3819 1212 3870 il-

127 3898 214 3949 lorum
233 3898 336 3949 iudicio
352 3908 381 3951 et
397 3899 550 3953 detestandi
567 3916 734 3960 censeamur,
759 3894 907 3949 fidelissimi
936 3904 1026 3945 tamen
1055 3890 1215 3960 Imperatori

128 3984 220 4025 sumus
242 3976 270 4019 et
282 3970 463 4028 Romanorum
477 3968 603 4031 studiosi,
622 3978 651 4021 et
669 3968 784 4020 iusidias
801 3974 905 4018 struere
922 3960 1092 4017 tentantibus
1110 3960 1214 4012 infesti.

129 4038 158 4091 si
176 4038 245 4109 quid
269 4054 333 4091 vcro
356 4041 439 4092 etiarn
462 4038 579 4107 amplius
603 4036 750 4089 dicendum
770 4044 835 4098 cst,
865 4036 903 4086 ita
922 4034 975 4086 tibi
996 4032 1078 4102 plane
1101 4045 1214 4099 persua·

130 4108 178 4171 de,
203 4126 219 4159 o
241 4108 334 4171 iudex,
358 4118 460 4161 rectour
483 4108 733 4179 aeqraissimumque
750 4124 801 4157 nos
822 4106 927 4155 lacinus
940 4112 1144 4171 peropportune
1165 4114 1215 4161 ομ·

130 4195 174 4241 sos
190 4178 294 4243 tuisse,
316 4195 407 4252 neque
425 4178 455 4231 id
477 4176 579 4249 absque
597 4177 711 4231 Martini
728 4176 868 4235 voluntate
889 4172 1048 4245 patratmu.”
