2900 4792
424 224 705 299 urstom'smm
735 236 788 299 w.
802 238 850 303 sa.
1102 201 1184 288 233

100 386 161 449 παλ
182 385 298 449 ἕκαστα
318 385 568 469 διαγγειλαιτες,
593 385 748 469 μεγίστων
773 385 949 471 άνέπλησαν
965 384 1002 450 τό
1023 380 1115 459 ἔθνος
1133 386 1220 448 ἐλ-Α.
1236 386 1264 439 c.
1279 388 1329 445 55⁵

100 482 214 549 πάλων.
957 498 964 555 ,“
1192 459 1285 531 LL²9

189 581 236 665 ιγ’.
283 586 347 647 Τοῦ
371 584 406 649 δὲ
429 572 505 669 ἦρος
520 578 718 672 άρχομὲνου,
750 584 864 653 osirim
882 586 912 651 oi
933 587 995 651 τάν
1017 579 1323 665 Ῥωμαιόονλῦὸὅδ

101 683 278 767 στρατηγοί
296 684 329 757 ἐς
355 676 454 748 sasiri
478 707 539 748 που
565 686 778 767 ξυνελθόντες,
814 684 953 771 ἔγνωσαν
976 666 1288 747 ιιατά]λ1ισι-Ῑ·ῑ30

79 782 229 861 5μιανῶν
253 777 502 867 ἐπιστρατεύειν.
530 780 609 847 άλλά
626 780 752 868 Βοόζης
777 788 838 866 μὲν
853 783 909 850 κατ’
932 777 1097 856 Ἰουστῖνος
1124 779 1188 847 άνά

99 876 163 962 τὴν
184 879 293 961 Νῆσον
309 882 416 960 μένειν
442 879 628 964 ἐτετάχατο,
662 883 894 969 φρυυρὴσοντες
914 881 954 947 τά
976 876 1108 961 ἐνθάδε,
1135 878 1193 945 καὶ

101 973 255 1042 ἁπάντων
270 972 531 1063 ἐπιμελησόμενοι.
553 982 734 1047 ἐστέλλοντο
746 984 781 1046 dd
797 985 852 1047 s'rti
862 980 916 1048 τόν
925 979 1060 1062 πόλεμον
1072 970 1209 1065 όνδρεςῃ

102 1077 139 1153 ἐς
158 1080 446 1161 τετρακισχιλιους,
474 1078 565 1159 πεζολ
578 1074 647 1161 ἅμα
668 1079 724 1145 κατ’
744 1078 883 1147 ἱππόται·
911 1082 947 1147 ἐν
967 1089 1033 1156 τοῖς
1054 1070 1142 1144 ἄλλοι
1156 1101 1192 1141 τε

102 1165 191 1257 ἦσαν
206 1177 270 1240 τοῖν
287 1178 540 1261 γνωριμωτάτων
559 1170 638 1261 άγαν
647 1230 657 1262 ,
678 1178 736 1246 καὶ
750 1178 934 1260 Μαξέντιός
950 1204 985 1245 τε
1000 1176 1055 1244 καὶ
1069 1174 1193 1243 Θεόδω-

62 1296 162 1359 ιορος
171 1324 181 1355 ,
211 1273 302 1357 ότῆς
327 1276 497 1361 Τζαυνικῆς
510 1276 673 1359 δυνάμεως
692 1279 932 1366 πρωτοστάτης,
952 1274 997 1356 ὥς
1008 1302 1064 1359 μοι
1076 1274 1193 1342 πολλά-

103 1396 156 1448 κις
171 1378 311 1460 ερρηθη,
333 1365 430 1460 άμφω
445 1374 600 1458 πολεμικά
624 1380 679 1442 καί
692 1376 864 1465 ταξιάρχω.
882 1376 939 1443 καί
950 1374 980 1442 οἶ
996 1380 1056 1458 μὲν
1071 1372 1192 1458 εἴχοντο

103 1474 163 1555 τῆς
183 1473 301 1551 ἐξόδου·
328 1464 443 1556 ἤμελλε
461 1476 499 1539 δὲ
520 1472 630 1555 αὐτοῖς
646 1472 702 1543 οὖν
725 1482 758 1553 ἐς
773 1476 899 1564 μακράν
916 1475 972 1542 καί
990 1474 1009 1541 ό
1029 1480 1194 1560 Μαρτῑνος

103 1567 333 1655 ἐπιστήσεσθαι
348 1570 392 1648 οἷς
407 1571 606 1657 ἡγησόμενος.
639 1575 684 1652 τός
701 1570 741 1640 όν
756 1578 792 1641 δὲ
806 1577 887 1660 μηδὲ
903 1573 983 1661 πρός
999 1570 1104 1659 βραχό
1118 1576 1193 1656 γοῦν

104 1668 341 1753 ἀστρατήγητοι
363 1664 441 1752 εἶεν,
470 1664 582 1757 όρχειν
604 1675 668 1741 τῶν
689 1667 770 1740 όλων
790 1675 961 1760 ε’λαχὲτην,
996 1676 1055 1748 ἕως
1071 1669 1120 1737 ε”τι
1139 1668 1193 1735 ded

65 1772 164 1855 ι5τῆς
175 1765 316 1851 ὑπηκόου
333 1768 525 1856 πορεύοιντο,
546 1771 698 1859 Βαράζης
712 1798 746 1837 τε
759 1768 838 1859 άνηρ
863 1768 1027 1859 Ἀρμένιος
1043 1769 1098 1835 καὶ
1109 1768 1195 1834 Κόλ-

101 1891 166 1951 χος
180 1864 378 1954 Φαρσάντης,
396 1867 468 1935 οὕτε
482 1867 585 1937 πόνων
600 1867 697 1961 άρετῇ
713 1866 787 1937 οὔτε
802 1875 840 1960 τῇ
855 1864 934 1961 άλλη
945 1869 1073 1951 άξιιόσει
1090 1865 1189 1933 άπάν-

104 1990 171 2033 των
180 1970 243 2031 τάν
252 1972 536 2055 ξοστρατεοομένων
550 1969 747 2056 προήκοντες,
766 1972 952 2054 μάλλονμὲν
964 1964 1021 2035 οὖν
1034 1966 1187 2035 estruem*
1194 1985 1216 2039 c

104 2065 346 2149 ἐλασσούμενοι.
372 2067 391 2133 ό
409 2072 469 2151 μὲν
490 2069 551 2155 γάρ
567 2070 602 2135 ἐν
617 2077 761 2154 λοχαγοῖς
782 2072 879 2137 ἐτέλει
902 2068 921 2135 ό
941 2068 1101 2155 Βαράζης,
1122 2060 1194 2131 ἅτε-

104 2188 165 2253 ρος
185 2167 222 2257 δὲ
245 2170 308 2231 τοῖν
325 2170 384 2249 μὲν
408 2170 443 2233 ἐν
463 2172 503 2256 τῇ
525 2164 607 2255 αόλῇ
624 2167 793 2252 ταγμάτων
813 2173 871 2235 τοῦ
895 2170 1015 2252 Λαζῶν
1038 2166 1193 2249 βασιλέως

62 2264 219 2349 τοῖγγεῖτο·
251 2263 438 2353 (μάγιστρος
451 2259 549 2349 ’όνομα
570 2268 608 2355 τῇ
629 2262 724 2355 άρχῇ·
745 2268 926 2349 νενόμισται
949 2262 1009 2351 γάρ
1023 2265 1115 2331 rodco
1139 2260 1196 2327 καὶ
1232 2335 1237 2344 ,

106 2361 196 2449 παρὰ
210 2373 273 2451 τοῖς
288 2363 388 2453 ταότη
402 2365 600 2454 βαρβάροις)
623 2361 661 2431 osi
676 2364 740 2451 μην
756 2368 790 2443 ἐς
810 2370 956 2432 τοσοῦτον
971 2362 1060 2452 adrui
1075 2360 1193 2449 φρονη-

182 2500 203 2537 r.
223 2482 380 2548 ἐνέπλησαν
393 2486 421 2537 Η.
492 2490 517 2543 6.
536 2485 753 2559 φρουρησοιντες
772 2490 799 2539 ll.
888 2490 916 2543 8.
935 2484 1089 2539 tricmills‘a
1106 2485 1192 2552 lntpr.
1288 2544 1293 2554 „

182 2556 287 2607 repro
308 2552 384 2607 dili.
403 2557 459 2609 saul.
541 2558 577 2625 si.
595 2556 647 2615 ἕως
665 2558 703 2619 tt,
721 2558 849 2629 aicuulg.
924 2558 961 2611 15.
987 2556 1036 2607 Pro
1058 2568 1088 2605 τε
1105 2556 1134 2605 lt.
1152 2550 1192 2604 di.

182 2642 222 2695 ¹7·
242 2628 474 2695 στρατευομένων
492 2630 523 2685 ll.
598 2626 748 2701 18.ἕτερος
766 2628 795 2681 ll.
882 2646 923 2682 υι.
942 2626 1019 2695 αὐτῷ
1037 2640 1086 2695 φρ.
1106 2636 1136 2675 τε
1153 2625 1193 2686 lt,

179 2710 266 2764 φρον.
281 2712 303 2747 τ.
323 2696 400 2765 αὐτῷ
417 2698 488 2768 vulg.

108 2820 264 2885 opportune
287 2814 434 2869 habituros.
472 2818 598 2871 Oratores
622 2822 714 2889 itaque
741 2819 776 2871 ad
796 2836 859 2871 suos
876 2819 990 2882 reversi,
1004 2832 1066 2870 eum
1083 2814 1192 2883 singula

108 2887 327 2949 renuntiassent,
343 2890 460 2940 maxima
482 2906 530 2959 spe
552 2898 658 2959 gentem
679 2890 825 2959 replerunt

183 2960 221 3010 ιθ.
258 2958 374 3011 Ineunte
393 2967 483 3011 autem
501 2976 579 3021 vere,
602 2960 693 3012 statim
712 2962 892 3012 Romanomm
912 2957 1043 3027 praefecti
1060 2957 1091 3007 in
1109 2970 1195 3005 unum

108 3029 199 3080 coacti
223 3030 372 3081 exercitum
399 3029 428 3081 iu
453 3030 623 3083 Misimianos
645 3028 807 3081 mittendum
834 3036 997 3081 sumerent.
1048 3027 1087 3077 lle
1108 3027 1193 3076 anes

108 3097 223 3167 quidem
241 3108 270 3151 et
289 3100 407 3150 lustinus
427 3101 499 3169 apud
522 3101 639 3151 Insulam
659 3116 766 3151 manere
784 3108 848 3150 sunt
866 3100 949 3160 iussi,
968 3094 1106 3166 praesidio
1125 3095 1192 3144 locis

109 3169 168 3220 illis
188 3169 290 3233 lutari,
309 3170 401 3221 omnia
440 3187 455 3221 e
477 3170 622 3240 diligenter
640 3170 758 3222 curaturi
771 3187 782 3241 5
808 3170 891 3220 missa
908 3185 972 3219 vero
991 3173 1056 3218 sunt
1076 3162 1111 3216 ud
1132 3162 1194 3243 bel3

110 3240 169 3291 lusu
188 3240 313 3309 peditum
338 3188 467 3292 simtiiuct
487 3243 610 3309 equitum
635 3242 721 3293 millia
744 3246 881 3309 quatuor,
904 3238 988 3290 inter·
1004 3252 1072 3306 quos
1092 3240 1121 3285 et
1145 3231 1195 3281 alis

112 3318 192 3361 erant
208 3310 317 3361 maximi
335 3310 454 3361 nominis
478 3311 537 3375 viri,
561 3320 589 3363 et
615 3312 770 3363 Maxentius
790 3328 821 3361 ae
842 3308 1003 3360 Theodorus
1020 3302 1194 3357 Zannicaruus

112 3383 253 3449 copiarum
271 3380 336 3440 altra,
361 3381 462 3431 utiam
485 3398 566 3449 saepe
584 3382 651 3449 dixi3
671 3381 797 3434 bellicosi
816 3379 897 3431 ambo
915 3387 944 3430 el
956 3376 1083 3431 ordinum
1100 3371 1192 3432 duces.

112 3450 149 3501 At
188 3450 252 3503 elsi
273 3450 384 3520 quidem
403 3450 603 3519 expeditionem
618 3452 733 3521 aggressi
754 3459 825 3503 sunt.
861 3448 1015 3501 Videbatur
1028 3452 1119 3497 autem
1137 3458 1195 3493 non

111 3537 140 3571 m
171 3529 199 3572 to
226 3530 289 3590 post
315 3521 398 3573 etiam
421 3522 551 3575 Martinus
578 3524 586 3572 i
608 3522 643 3574 sis
672 3521 877 3589 adiungendus,
904 3527 936 3570 ut
961 3519 1058 3571 ductor
1079 3516 1195 3566 iuturus.

111 3590 155 3641 Ne
172 3606 238 3642 vero
256 3592 299 3643 vel
319 3590 355 3643 ad
377 3592 459 3644 breve
485 3593 578 3662 aliquo
619 3601 726 3661 tempus
751 3590 819 3642 disee
843 3590 1084 3649 destituerentur,
1110 3584 1200 3653 impe-

113 3661 184 3712 rium
207 3662 291 3713 totius
312 3664 467 3725 exercitus,
493 3664 623 3731 quamdiu
643 3680 692 3733 per
713 3662 886 3713 subditorum
919 3661 1057 3729 regionem
1079 3657 1134 3707 iter
1155 3654 1197 3705 ia-

114 3738 221 3792 cerent,
239 3731 273 3784 ud
291 3733 416 3785 Barazem
434 3732 590 3783 Armenium
612 3740 641 3783 et
658 3732 831 3784 Pharsantem
848 3729 980 3782 Colchum
999 3736 1041 3779 est
1059 3726 1198 3781 delatum,

115 3802 164 3870 qui
185 3816 275 3868 neque
297 3802 396 3853 bellica
418 3805 517 3854 virtute
536 3820 625 3875 noque
651 3804 703 3854 alia
723 3804 857 3871 dignitate
877 3798 1003 3851 omnibus
1022 3796 1103 3849 sociis
1121 3812 1200 3863 prae·

114 3870 242 3930 stabunt,
269 3872 351 3923 immo
371 3890 436 3924 vero
453 3874 595 3925 nonnullis
620 3884 698 3926 eraut
720 3873 871 3923 inferiores.
908 3868 975 3921 Nam
996 3870 1108 3919 Barazes
1127 3866 1200 3915 inter

115 3940 258 3994 turmarios
281 3940 457 4007 censebatur,
489 3944 557 3995 alter
576 3960 640 3995 vcro
665 3945 694 3995 in
721 3943 783 3994 aula
808 3942 916 4010 agmine
941 3940 1011 4009 regis
1037 3938 1200 3989 Colchorum

116 4010 266 4075 lactabam
296 4012 437 4081 (Magister
464 4012 590 4079 dignitati
615 4021 656 4065 cst
681 4030 805 4076 nomen5
833 4014 962 4062 usitatum
988 4009 1062 4060 euim
1089 4007 1141 4058 lroe
1160 4012 1202 4053 est

118 4082 177 4137 eius
194 4082 248 4134 loci
270 4080 411 4151 barbarie)
432 4084 506 4151 alqui
526 4101 581 4135 uon
602 4090 705 4135 lantum
733 4091 780 4134 aul
803 4082 964 4150 prudentiae
986 4088 1035 4129 aut
1062 4075 1200 4127 conliden-

117 4153 173 4217 liac
202 4152 266 4217 lsuic
284 4155 383 4215 iuerat,
409 4162 439 4216 ut
461 4154 588 4205 audacter
618 4154 698 4204 etiam
727 4156 847 4206 Romano
882 4152 1014 4203 exercitui
1049 4148 1200 4227 impertisti·
