2900 4792
238 165 296 279 96
674 185 886 262 aeramen
1129 142 1143 268 ᾖ

92 359 161 414 ML
177 345 357 433 ὄὸηλάλητα
385 348 443 432 τῆς
470 342 650 431 οδκοδομάας
669 345 887 432 δαιδάλματα,
906 347 951 427 ἀς
967 351 1066 434 μηδὲν
1083 347 1186 418 aanor
1205 347 1325 434 σχεδόν

124 431 222 492 ¹·¹·²⁸
236 470 297 511 που
310 451 498 534 λειφθῆναι,
518 440 541 534 ἢ
554 445 636 530 μόνα
650 451 706 532 τῆς
723 451 917 533 κατασκευῆς
932 445 972 514 τά
989 449 1103 536 ε’δάφη.
1143 445 1243 524 πολάς
1259 455 1325 531 μὲν

235 537 292 610 οάν
315 541 424 626 ὅμιλος
445 547 599 629 ι’θαγενάν
624 571 658 612 τε
681 549 738 613 καὶ
759 547 917 612 ἀνδαπίων
946 547 1071 632 ἀνδρῶν
1099 547 1322 630 ἀπολώλασιν,

234 642 497 725 ἀποπεπιεσμένοι
511 647 557 732 τρῖ
575 637 690 728 ἀχθει,
718 643 831 710 πολλοὶ
855 647 890 710 δὲ
907 647 972 710 νέοι
993 645 1146 731 ἐπήλυδες
1169 639 1325 731 εὖπατρί-

234 744 290 808 δαι
305 767 338 806 τε
353 745 408 807 καί
425 743 569 821 παιδείας
583 737 700 830 ἀριστα
722 741 863 828 ἔχοντες,
893 742 926 808 οἳ
942 742 980 830 δη
997 749 1144 832 παρῆσαν
1157 745 1230 822 τούς
1241 741 1344 812 ‘Poe-5

232 839 337 923 μαίων
354 841 455 906 αὐτοῦ
472 840 693 926 ἀναλεξάμενοι
708 841 837 925 νόμους.
879 847 972 909 τοῦτο
985 841 1046 932 γάρ
1061 843 1193 931 ιιάτριον
1208 847 1246 933 τῇ
1261 842 1323 908 πό-

233 948 282 1006 λει
301 938 357 1004 καί
370 935 474 1027 ὥσπερ
490 945 584 1028 γέρας
599 969 630 1006 τι
648 946 798 1028 μέγιστον
814 943 852 1007 τά
869 942 975 1008 τοιάδε
990 943 1068 1032 αὕτη]
1089 943 1211 1008 ἀνεῖται
1226 945 1324 1007 διδα-

233 1047 372 1104 σκαλεῖα
412 1039 678 1122 μετεσκευάσαντο
694 1045 860 1127 τοιγαροῦν
887 1043 920 1106 ἀν
936 1044 981 1130 τῷ
996 1037 1066 1106 τότε
1089 1038 1118 1104 οἱ
1136 1045 1198 1106 τάν
1214 1038 1322 1123 νόμων

233 1135 396 1225 ἀφηγητοά
411 1141 445 1214 ἐς
458 1142 582 1205 Σιδῶνα
598 1166 617 1203 τ
921 1162 976 1206 ονα
985 1190 996 1221 ,
1016 1135 1072 1204 καὶ
1087 1141 1121 1204 ἐν
1135 1139 1207 1228 τῇδε
1223 1139 1322 1223 μετῆ-

235 1260 289 1302 κτο
313 1233 352 1301 τά
375 1235 615 1325 φροντιστήρια,
637 1241 696 1315 ἕως
715 1237 811 1304 πάλιν
829 1239 849 1324 ἦ
866 1233 1010 1324 Βηροτὸς
1033 1237 1221 1322 ἀνεδομηθη.
1264 1237 1366 1305 atalae

158 1347 185 1399 Ρ.
194 1339 356 1420 ὀνγέγονεν
373 1333 486 1420 ἥκιστα
503 1341 563 1420 μὲν
581 1334 674 1402 ὁποία
689 1335 843 1425 πρότερον
858 1329 882 1421 η’
882 1361 908 1418 ν,
926 1333 1006 1422 πλὴν
1020 1335 1089 1402 ἀλλ’
1105 1335 1179 1418 οάχί
1196 1338 1229 1411 ἐς
1246 1331 1321 1400 δ’σον

234 1435 291 1500 καί
304 1434 488 1518 ἀγνοεῖσθαι
504 1436 548 1512 ἀς
562 1435 663 1520 ἐκείνη
680 1435 728 1522 εἴη
747 1435 767 1520 ἦ
788 1431 896 1499 πάλαι.
938 1427 1007 1498 ἀλλ’
1033 1426 1127 1510 οὗτος
1146 1436 1206 1516 μὲν
1230 1429 1321 1520 ὁτῆς

231 1529 352 1608 πόλεως
371 1530 551 1615 ἀνοικισμδς
567 1534 624 1598 καί
637 1535 657 1620 ἦ
671 1537 733 1598 τῶν
750 1535 976 1598 διδασκαλείων
989 1529 1141 1609 ἐπάνοδος
1159 1529 1265 1622 χρόνῳ
1282 1529 1321 1596 ἀ-

232 1653 341 1716 οτερον
359 1627 482 1712 ἔμελλεν
501 1630 641 1696 ἔσεσθαι.
658 1631 726 1697 τότε
737 1634 772 1698 δὲ
781 1635 837 1696 καί
851 1634 886 1696 ἐν
900 1633 938 1720 τῇ
950 1629 1068 1720 μεγάλῃ
1086 1631 1320 1720 Ἀλεξανδρεάγ,
1365 1715 1366 1720 ¹

230 1733 270 1818 τῇ
284 1725 362 1814 τιρὸς
375 1732 418 1818 τῷ
429 1732 532 1819 Nutu
550 1729 703 1819 ἱδρυμένη
713 1731 851 1818 ποταμῷ,
873 1732 928 1794 καί
944 1733 1045 1794 ταῦτα
1063 1729 1119 1792 οάκ
1133 1726 1362 1805 εἰωθδςσεί-ιό

229 1832 326 1892 εσθαι
337 1823 372 1892 ad
392 1831 529 1915 χωρίον,
552 1829 757 1915 σοναίσθηοις
772 1853 820 1904 τις
835 1831 895 1893 τοῦ
912 1825 1023 1894 κλόνον
1040 1829 1189 1912 ἐλαχίστη
1199 1831 1259 1909 μὲν
1268 1829 1324 1892 καί

230 1926 434 2014 ἀφαυροτάτη
451 1931 506 1993 καί
516 1929 553 1992 οὐ
571 1928 704 2013 πάμπαν
725 1929 883 2014 ἀρίδηλος,
902 1931 1008 2012 γέγονε
1024 1929 1059 1992 δὲ
1074 1921 1167 2009 ὅμως.
1185 1923 1322 2002 ἅπαντες

230 2025 270 2111 δη
293 2020 352 2092 οάν
380 2023 409 2090 οἱ
433 2026 599 2114 ε’πιχιάριοι
620 2030 676 2094 καί
692 2025 832 2110 μάλιοτα
851 2027 880 2093 οὶ
907 2025 1031 2115 σφόδρα
1047 2024 1265 2114 γεγηρακότες,
1286 2025 1321 2091 ἒν

228 2122 375 2207 θαύματι
391 2124 515 2216 μεγάλιρ
535 2123 570 2192 ro*
589 2130 773 2210 ’ξυνενεχθὲν
791 2128 975 2209 ἐποιοῦντο,
996 2126 1039 2201 ἀς
1058 2117 1145 2193 οὔπω
1170 2121 1321 2210 πρότερον

232 2227 433 2309 γεγενημένον
438 2275 448 2306 ,
470 2222 577 2307 ἔμενὲν
595 2249 629 2290 τε
648 2224 729 2290 οἶκοι
748 2223 834 2302 ὅστις
849 2225 970 2308 οάδεὶς,
990 2225 1068 2290 ἀλλ”
1086 2217 1149 2290 ἀνά
1163 2219 1218 2300 τάς
1239 2228 1363 2298 λεια-σο

207 2318 352 2409 Βφόροος
370 2321 409 2387 τά
428 2323 535 2410 πλήθη
554 2325 714 2411 ξννέῥρει,
736 2328 780 2412 τῷ
797 2321 1018 2412 ἀπροσδοκήτῳ
1038 2322 1076 2408 δή
1100 2347 1161 2388 που
1185 2320 1239 2387 καὶ
1259 2349 1321 2388 πα-

228 2420 351 2512 ραδόξῳ
371 2423 452 2509 πέρα
488 2427 546 2487 τοῦ
569 2425 699 2510 μετρίου
733 2423 1029 2508 καταπεπληγμένοι.
1060 2423 1132 2504 ε’μοί
1154 2423 1189 2486 δέ
1214 2425 1322 2506 γεκαὶ

299 2551 324 2587 2.
341 2533 497 2602 λειφθῆναι
506 2535 544 2597 tt,
553 2533 704 2602 λελεῖφθαι
714 2531 785 2602 vulg.
822 2536 845 2587 3.
856 2531 1047 2598 ἐνδαπλωνΒ,
1056 2532 1185 2586 tuditani>
1196 2533 1265 2602 vulg.
1293 2533 1317 2600 4.

297 2603 545 2672 διτοπεπιεομένσι
560 2605 588 2654 R.
599 2602 672 2673 (ct),
691 2603 905 2674 ὐποπιεσμένοι
921 2603 990 2672 vulg.
1029 2623 1051 2672 η.
1062 2601 1243 2669 διδασκαλεῖα
1257 2599 1318 2654 cdd.

296 2692 321 2742 9
342 2673 524 2740 δφηγηταὶῐλ.
545 2673 618 2745 (ct),
634 2673 852 2744 durquraivulg.
919 2673 1083 2746 μεθῆκτολλ.
1117 2673 1318 2726 τακαλοιιιλλ.

300 2747 340 2796 13.
351 2740 541 2796 διδασκαλίαν
556 2747 584 2795 R.
599 2752 629 2796 et
642 2745 712 2814 vulg.
789 2745 827 2798 16.
848 2760 892 2800 τις
909 2745 937 2795 Ii.
957 2753 985 2796 et
1003 2745 1085 2812 lntpr.
1106 2745 1181 2814 quia,
1199 2757 1229 2795 τε
1246 2743 1317 2813 vulg.

298 2830 341 2866 aa
349 2813 423 2883 πέρα
431 2812 622 2884 addulauga
629 2831 679 2885 mg.
694 2814 768 2886 (et).
786 2815 869 2882 lntpr.
879 2815 996 2868 incisum
1012 2818 1145 2886 integrum
1156 2816 1256 2866 omisit.

228 2933 292 2995 fuit,
306 2939 334 2985 et
342 2932 510 3003 iilainsignia
523 2951 554 2986 ac
566 2933 742 3002 celeberrima
752 2951 911 3005 summoque
921 2933 1033 2988 artificio
1048 2933 1188 2986 elaborata
1197 2931 1319 2986 aedificia

229 3014 402 3067 corruerunt,
423 3005 490 3056 adeo
504 3014 535 3056 nt
544 3005 651 3056 auitum
663 3004 860 3074 propemodum
876 3005 959 3057 fuerit
971 3006 1108 3068 relictum,
1128 3014 1319 3074 praeterquam

229 3073 305 3126 nuda
315 3074 422 3126 aedium
436 3076 594 3145 pavimenta.
632 3075 728 3158 Magna
740 3077 834 3146 itaque
849 3073 1036 3144 indigenarum
1051 3077 1151 3144 paritor
1166 3083 1194 3126 et
1211 3076 1318 3126 incola-

229 3162 288 3197 rum
304 3145 450 3198 multitudo
467 3147 549 3216 periit
565 3145 637 3196 mole
648 3161 744 3197 ruinae
760 3163 794 3215 op
805 3160 905 3198 arcaea:
925 3146 1006 3197 multi
1017 3147 1099 3198 etiam
1113 3145 1223 3198 iuvenca
1236 3145 1320 3197 adre-

230 3232 283 3268 nae
293 3216 399 3268 nobiles
416 3224 443 3268 ct
455 3215 572 3278 eruditi,
593 3217 640 3285 qui
657 3163 882 3267 adducendorum
898 3216 1076 3270 Romanarum
1087 3217 1176 3288 legum
1191 3233 1270 3268 causa
1285 3233 1318 3268 eo

143 3320 148 3330 ι
230 3294 419 3339 commearant.
460 3285 525 3338 Erat
550 3285 621 3336 euim
637 3284 691 3337 hoc
708 3285 771 3338 urbi
788 3285 907 3355 patrium
925 3293 952 3337 et
971 3287 1054 3338 voluti
1071 3288 1189 3340 maxima
1207 3287 1318 3338 honoria

229 3360 427 3438 praerogativa,
443 3355 518 3426 quod
530 3355 661 3407 eiusmodi
678 3355 786 3408 scholae
800 3357 826 3407 ei
846 3365 937 3408 essent
953 3355 1066 3409 dicatae.
1105 3357 1321 3426 commigrarunt

229 3433 324 3497 itaque
340 3437 398 3480 tum
414 3428 542 3496 temporis
558 3426 648 3494 legum
664 3427 827 3494 interpretes
845 3425 974 3479 Sidonem
990 3427 1083 3480 urbem
1092 3429 1216 3488 vicinam,
1240 3425 1321 3479 sclao-

228 3497 328 3568 iacque
341 3515 372 3551 eo
387 3498 540 3558 translatae,
560 3497 695 3566 tantisper
705 3496 769 3548 dum
785 3497 896 3563 Berytus
909 3497 1111 3550 instauraretur.
1133 3497 1216 3568 Quod
1232 3507 1259 3548 ct
1277 3497 1321 3548 sa-

229 3575 303 3619 ctum
318 3577 373 3634 εει,
393 3582 565 3649 nequaquam
580 3566 690 3638 quidem
708 3567 796 3636 qualis
808 3577 887 3618 antea
900 3575 974 3630 erat,
998 3585 1088 3638 neque
1101 3575 1190 3620 tamen
1206 3569 1245 3622 ita
1263 3565 1320 3619 dio-

229 3638 332 3699 aimilis,
346 3638 411 3708 quin
430 3655 462 3689 ca
475 3655 532 3689 caua
547 3645 656 3706 aspectu
672 3637 787 3705 pristina
799 3637 883 3705 ipsius
899 3637 984 3688 forma
1004 3640 1112 3706 agnosci
1130 3647 1228 3706 posset.
1265 3637 1321 3690 Sed

228 3707 296 3760 hacc
308 3708 418 3777 quidem
433 3707 507 3760 urbis
525 3707 706 3759 reaedificatio
720 3715 750 3758 et
767 3705 919 3758 scholarum
938 3710 1073 3759 revocatio
1094 3707 1264 3776 postmodum
1276 3709 1319 3760 vi-

228 3777 345 3830 debatur
360 3781 462 3835 sutura.
501 3779 550 3830 Per
565 3776 640 3829 idem
662 3793 773 3846 quoque
796 3783 904 3846 tempus
931 3777 1069 3847 inmagaa
1088 3779 1138 3829 illa
1157 3777 1320 3832 Alexandria

227 3847 264 3903 ad
279 3849 371 3900 Nilum
384 3849 484 3903 flamen
503 3847 555 3900 rita
568 3848 648 3919 (cum
664 3855 753 3898 tamen
771 3845 847 3902 illud
862 3843 994 3916 oppidum
1015 3856 1101 3901 terrae
1124 3851 1210 3901 motui
1229 3849 1322 3901 obno-

227 3920 304 3978 xium
317 3935 375 3972 este
388 3937 444 3972 non
454 3918 565 3987 toleret)
583 3935 678 3969 aeneus
691 3919 774 3968 etiam
789 3915 902 3986 quidam
919 3927 1017 3982 motus,
1036 3921 1197 3989 perexiguae
1208 3918 1322 3990 quidem

228 3991 277 4042 illc
290 4007 322 4046 oc
331 3990 438 4055 brevia,
458 4005 549 4060 neque
564 3987 674 4040 omnino
688 3986 866 4052 manifestus,
887 3985 971 4040 factae
992 3997 1034 4040 eat
1047 3997 1145 4041 tamea.
1184 3991 1319 4045 Omnibus

227 4061 321 4133 itaque
336 4060 433 4120 incolis
447 4069 475 4112 et
490 4059 664 4129 potiasimum
674 4057 754 4110 valde
769 4056 881 4109 senibus
895 4075 990 4128 magno
1004 4060 1133 4111 miraculo
1148 4076 1180 4110 ea
1195 4077 1237 4111 roa
1250 4060 1319 4128 fuit3

227 4133 331 4216 quippe
346 4147 417 4210 quac
428 4140 507 4187 antea
524 4146 664 4202 nunqnam
677 4126 831 4199 acciderat5
851 4130 1099 4202 aequequiaquam
1116 4129 1190 4183 domi
1202 4133 1320 4208 mansit!
