2900 4792
426 245 849 319 meramnum-ura
1094 221 1198 307 305·

93 394 142 471 οἱς
159 394 195 463 δν
222 394 306 483 aricii
329 396 430 481 δήπου
453 400 493 485 τῇ
508 401 673 485 περιουαδι
690 402 748 485 τῆς
759 399 923 483 βασιλιδος
935 400 1055 478 πόλεως
1068 404 1216 475 ruci-a
1226 419 1257 473 C.
1267 420 1319 481 568

91 520 138 559 τοι
160 491 248 561 δεινδ
268 492 403 578 πάσχειν
426 493 489 561 riui
510 496 682 584 βαρβάρων
698 497 826 585 σφόδρα
844 497 966 583 ὄλιχων.
993 510 1061 576 τοῖς
1078 503 1115 567 δέ
1139 488 1277 566 ori)LL3²

91 596 195 679 μέχρι
218 591 335 659 τυότων
356 595 500 661 έτελεότα
515 596 551 661 τό
571 592 794 681 &placeam
814 596 879 687 όδρῖ
892 595 1000 681 ἰόντες,1
1019 597 1095 665 εἴσω
1113 602 1179 668 τῶν

92 696 228 778 μακρῶν
243 692 483 775 ὀνομαζομένων
506 698 619 777 τειχῶν
642 692 759 785 ῥᾳδίως
779 702 957 782 παρῆλθον,
976 700 1033 763 καί
1046 708 1112 773 τοῖς
1127 696 1179 765 όν.

69 793 151 859 5δυν
174 792 340 877 φρουρίοις
358 794 517 872 ἐπέλαζον.
549 798 710 877 πολλαχοῦ
728 793 793 881 γάρ·
815 796 877 861 όπό
894 794 1011 882 χρόνου
1035 794 1090 861 καί
1104 796 1180 882 ἀτη-

90 890 221 969 μελείοις
234 889 402 955 ἐπεπτώκει
416 889 473 957 καί
491 893 649 959 διελέλυτο
672 893 692 978 ἡ
711 898 770 958 τοῦ
783 897 933 977 μεγιστου
955 894 1112 980 έρόματος
1129 898 1203 963 oi-tt
1221 918 1230 935 ‘

91 986 238 1069 κυδομία·
258 984 328 1053 ένια
349 991 384 1053 δὲ
397 992 480 1077 μέρη
496 989 551 1055 καί
567 990 662 1057 edroi
684 990 954 1077 καταβεβλήκασιν
975 993 1074 1069 ἀδεῶς
1097 989 1178 1059 οότω

91 1084 151 1151 καί
175 1080 414 1172 ἀταλαιπώρως,
431 1084 536 1175 οἵσπερ
561 1091 659 1167 οἰκίας
680 1092 980 1178 καταστρεφόμενοι.
1012 1091 1067 1157 καί
1087 1093 1179 1160 οὐδὲν

91 1176 133 1268 ἦν
155 1183 191 1251 τό
210 1179 356 1273 ιῖπεῖρχον
376 1190 420 1277 τῷ
437 1190 520 1273 μηδὲ
535 1188 684 1277 φρουρδν
700 1188 929 1276 στρατιωτικήν
953 1189 1070 1259 ἐνθάδε
1087 1190 1178 1277 isiod-

52 1290 193 1366 1ooiiat,
213 1282 291 1369 μήτε
308 1285 489 1371 ἀμυντήριιι
512 1288 749 1373 μηχανήματα,
777 1293 835 1354 καί
859 1286 934 1365 τοδς
956 1294 1060 1356 ταῦτα
1080 1300 1177 1356 κινεῖν

90 1386 336 1467 ἐπισταμένους,
371 1384 451 1451 sitta
478 1386 558 1473 μήτε
584 1389 687 1454 κυνῶν
720 1387 841 1475 ὑλακὴν
866 1389 1059 1470 ἀκούεσθαι,
1079 1391 1110 1455 εί
1128 1388 1175 1475 μὴ

88 1486 162 1549 λίαν
177 1487 409 1566 καταγέλαστον
422 1485 530 1567 εἰπεῖν,
551 1482 594 1564 oie
612 1490 689 1570 χοῦν
710 1490 746 1553 έν
759 1490 904 1574 συφεοόσι
927 1491 982 1552 καί
1008 1486 1177 1574 μάνδραις.

87 1578 128 1645 τὰ
145 1581 206 1667 γὰρ
223 1584 286 1647 τῶν
304 1582 475 1665 Ῥωμαίων
500 1585 739 1671 στρατεύματα,
768 1585 806 1650 ori
831 1589 971 1651 τοσαῦτα
988 1588 1176 1672 διαμεμενη-

90 1674 167 1745 κότα
194 1677 297 1747 ὁπόσα
328 1680 385 1767 τὴν
409 1682 512 1769 α’ρχήν
541 1680 604 1749 eiad
621 1688 685 1751 τῶν
707 1682 807 1749 πόλοι
829 1686 984 1767 βασιλέοιν
1001 1683 1176 1771 ἔξεόρηται,

50 1781 124 1855 ιὸές
150 1778 320 1864 ἐλαχίστην
348 1782 383 1844 δέ
406 1806 476 1847 τινα
498 1787 615 1869 μοίραν
640 1780 864 1869 περιελθόντα,
895 1783 999 1849 οιῗιιίτι
1024 1786 1068 1871 τῷ
1083 1786 1193 1867 ueri-⁴

90 1882 144 1943 θει
161 1882 219 1963 τῆς
243 1878 401 1956 πολιτείοις
424 1880 581 1967 ἐξήρκουν.
603 1883 676 1947 δέον
697 1880 756 1969 γὰρ
783 1884 818 1957 ές
835 1885 926 1947 πέντε
949 1881 1004 1946 καί
1019 1880 1202 1965 renouati-C

91 1999 186 2043 κοντα
203 1975 260 2041 καί
270 1971 433 2057 ἑξακοσίοις
450 1979 599 2063 χιλιάδας
613 1980 766 2065 μαχίμων
783 1980 909 2066 ἀνδρῶν
929 1978 987 2065 τὴν
1004 1974 1077 2063 ὅλην
1089 1976 1176 2063 ἀγεί-

160 2134 185 2189 5.
207 2132 357 2205 ιίτημελίας
375 2137 471 2190 Suidaa
491 2156 511 2189 ι.
542 2154 566 2189 τ.
660 2139 686 2190 6.
703 2140 842 2209 μεγίστου
863 2136 923 2188 add.
943 2154 977 2189 ex
994 2138 1023 2188 Β.
1041 2145 1069 2189 et
1089 2138 1174 2207 Intpr.

158 2206 274 2259 maioris
292 2208 401 2261 castelli
425 2205 592 2282 aedificium.
705 2211 729 2261 8.
750 2208 842 2275 ολκελρ
865 2210 894 2259 a
921 2207 995 2279 (fort
1012 2208 1046 2261 ἐν
1063 2209 1173 2279 olatio),

158 2278 244 2345 Intpr.
270 2280 363 2330 οἰκεῖα
385 2278 482 2347 legiaco
505 2278 629 2331 videtur:
655 2274 734 2331 haud
750 2296 828 2333 saeua
851 2297 886 2331 oe
904 2296 957 2330 ιιια
973 2306 1009 2316 -
1031 2276 1173 2331 disturba-

158 2346 227 2399 δανιι
238 2368 244 2398 :
255 2346 339 2419 idque
352 2350 420 2400 coni.
436 2350 463 2399 B.
474 2348 549 2415 Vulc.
606 2366 644 2401 ιι.
654 2346 716 2400 Post
732 2349 890 2400 ἀκούεσθαι
906 2350 989 2416 lntpr.
1005 2348 1097 2400 addit:
1115 2368 1173 2401 ποτε

158 2416 298 2469 leontinum
312 2419 454 2491 fremitus.
561 2423 599 2473 ιδ.
625 2414 682 2487 χδρ
707 2436 760 2471 om.
784 2420 812 2469 lt.
832 2425 861 2469 et
878 2416 954 2469 Snid.
972 2434 991 2469 a.
1010 2435 1034 2470 v.
1053 2416 1172 2487 συφεδς,

158 2489 209 2568 qui
235 2488 325 2541 locum
361 2491 401 2542 aio
431 2490 578 2543 contraxit:
603 2486 699 2557 ὥσπερ
723 2491 754 2541 ἐν
783 2495 914 2557 ovorum
946 2492 995 2539 aot
1026 2488 1171 2558 μάνδραις

156 2575 195 2641 τα
224 2560 281 2611 ταῖν
306 2562 464 2681 “Promotou
493 2559 648 2631 μεμενήκει
682 2557 894 2641 στρατεύματα,
923 2560 1024 2642 ὶοεριε.
1072 2558 1168 2629 Neque

158 2628 213 2679 alra
245 2637 329 2684 vertit
397 2638 449 2699 tpr.
472 2642 606 2703 tanquam
637 2646 784 2700 porcorum
817 2648 849 2681 ιιι
872 2632 1001 2683 claustrie
1030 2628 1169 2681 ίλοιπαπιιε

156 2700 296 2753 exereitus
321 2700 466 2753 interclusi
491 2704 650 2763 ιιισπιλσπι,
673 2702 783 2753 tametsi
803 2700 852 2752 vel
874 2718 906 2753 ιο
932 2716 1045 2752 numero
1067 2711 1166 2761 essent,

156 2787 213 2840 ριιο
232 2782 299 2823 tnnc
313 2772 430 2841 primum
447 2784 473 2823 et
490 2786 614 2825 veterum
629 2772 832 2841 Imperatorum
847 2784 966 2841 ternpore
985 2769 1168 2823 recenseban-

155 2852 215 2901 tur,
233 2852 259 2893 et
279 2859 338 2894 παπ
357 2842 389 2895 in
405 2841 545 2895 minimam
558 2853 664 2912 partem
682 2839 791 2895 redacti
809 2848 862 2895 etc.

86 2993 146 3029 eam
164 2976 240 3030 enim
256 2976 391 3030 miceriam
408 2994 450 3029 rea
461 2978 640 3029 Romanorum
657 2973 782 3028 redactae
801 2982 886 3038 crant,
904 2983 935 3028 ut
951 2974 980 3026 in
999 2976 1058 3044 ipso
1075 2974 1167 3043 regiae

86 3046 150 3099 urbi
169 3046 342 3100 circumiecto
360 3064 422 3117 agro
436 3046 504 3100 adeo
524 3048 626 3099 atrocia
644 3046 712 3097 mala
730 3054 887 3115 paterentur
901 3064 917 3097 a
933 3044 1054 3097 barbaria
1075 3047 1166 3113 iirque

85 3120 239 3187 perpauoio.
275 3118 329 3170 Sed
350 3134 440 3188 neque
456 3116 499 3169 hia
522 3116 646 3169 terminia
665 3134 760 3168 eorum
780 3115 945 3167 confidentia
971 3116 1026 3165 suit
1049 3116 1166 3165 circom-

85 3190 199 3256 reripte3
224 3187 272 3240 red
298 3188 412 3240 ulterius
440 3189 588 3257 progressi,
614 3186 757 3256 longisque
782 3185 832 3255 (ita
857 3185 951 3247 dictio)
975 3184 1058 3235 muria
1084 3184 1165 3234 facile

84 3258 220 3328 anpcratia
229 3297 238 3321 ,
256 3258 466 3320 munitionibus,
484 3275 552 3328 quae
571 3257 645 3309 intua
664 3265 753 3317 erant,
770 3257 1031 3324 appropinquarunt,
1067 3252 1164 3302 Multis

85 3330 159 3379 enim
167 3328 325 3397 inpartibus
335 3345 400 3397 prae
412 3336 546 3381 vetustate
561 3336 588 3379 et
602 3327 769 3396 negligentia
784 3327 895 3379 maximi
910 3324 1015 3376 castelli
1031 3329 1165 3373 structura

84 3406 225 3451 corruerat
241 3399 392 3469 vitiumque
412 3400 526 3463 lecerat,
544 3399 688 3450 nonnullae
709 3413 772 3448 vero
785 3404 880 3517 ρεήει
898 3394 979 3446 etiam
997 3394 1049 3460 ipsi
1069 3390 1165 3443 dirue-

84 3476 147 3520 rant
156 3469 226 3521 adeo
245 3469 380 3538 intrepide
394 3486 425 3521 ac
441 3469 530 3533 facile,
549 3486 580 3520 ac
595 3468 618 3519 ai
638 3466 732 3519 domoc
753 3485 783 3517 au
805 3473 950 3529 verterent,
966 3463 1092 3534 nihilque
1106 3470 1165 3514 erat
1209 3482 1214 3489 ¹

84 3538 161 3608 quod
188 3538 322 3602 obstaret,
348 3555 407 3591 cum
434 3556 523 3608 neque
548 3538 633 3589 ullum
657 3536 822 3605 praesidium
841 3536 959 3587 militare
983 3534 1023 3585 ibi
1046 3533 1164 3585 colloca·

85 3616 144 3661 tum
162 3618 248 3673 earet,
273 3626 362 3679 neque
387 3608 460 3661 ullae
478 3609 512 3662 ad
529 3607 743 3678 propulsandum
764 3604 870 3658 hortem
890 3604 1049 3666 machinae,
1073 3620 1163 3673 neque

86 3682 135 3748 qni
154 3680 216 3731 illae
234 3696 340 3733 movere
363 3696 393 3731 ac
410 3688 525 3731 tractare
543 3688 648 3741 noaret,
675 3677 723 3730 red
747 3692 783 3727 ne
800 3693 896 3728 munna
916 3676 1027 3745 quidem
1050 3674 1163 3725 latratur

85 3750 264 3813 audiebatur,
288 3750 353 3817 nicil
368 3748 511 3802 admodum
535 3748 679 3801 ridiculum
704 3748 779 3799 dictu
806 3748 856 3808 ait,
882 3745 967 3797 veluti
991 3747 1021 3796 in
1044 3743 1162 3796 ouilibus

85 3830 135 3873 ant
153 3820 278 3872 ovilibus.
299 3822 477 3871 Romanorum
498 3819 572 3871 enim
591 3820 724 3870 exercitus
744 3834 800 3868 uon
818 3817 907 3873 tanti,
925 3824 1008 3885 atque
1027 3814 1093 3865 olim
1109 3813 1160 3865 aub

85 3890 224 3943 veteribus
248 3889 457 3959 imperatoribus
488 3890 609 3952 fuerant,
635 3895 852 3957 permanerunt,
889 3885 937 3937 red
962 3884 997 3936 ad
1022 3885 1164 3935 minimam

87 3960 222 4031 quondam
244 3962 398 4029 portionem
418 3958 529 4023 redacti,
546 3976 602 4011 non
628 3959 744 4027 amplior
761 3954 944 4025 magnitudini
961 3954 1069 4023 imperii
1086 3970 1163 4022 parea

87 4038 173 4082 erant.
209 4030 276 4081 Cum
295 4033 368 4082 enim
386 4030 526 4081 universae
544 4032 724 4081 Romanorum
743 4027 814 4078 vireo
841 4026 975 4077 sexcentis
999 4022 1163 4095 qnadragin-

86 4102 245 4171 taquinque
261 4099 424 4152 bellatorum
443 4098 565 4163 millibus
585 4106 708 4151 constare
726 4096 867 4159 deberent,
886 4103 1040 4164 aegrotum
1056 4102 1111 4145 tem
1131 4112 1162 4144 o-

87 4170 125 4223 rit
142 4179 253 4223 centurn
270 4170 467 4243 quinquaginta
486 4168 607 4221 millibur
628 4166 806 4231 constabant,
831 4174 914 4237 atque
932 4166 1027 4216 harum
1052 4110 1164 4235 quiddm

184 4261 326 4335 Agerinus.
931 4276 965 4311 no
