2900 4792
251 202 335 289 320
682 230 894 297 Auitum

106 398 138 459 λ.
149 396 178 459 G.
190 401 240 455 558
252 381 452 469 ρατειλιεσθαι
466 383 511 469 μὴ
528 384 708 467 δυνάμενον,
725 386 796 451 ἀλλ’
802 388 848 462 εἰς
857 381 958 449 ’ἑαυτά
972 382 1242 471 περιελιττόμενον.
1256 386 1339 461 ’τούς

146 474 242 530 ¹·L32
253 484 289 547 δὲ
305 482 472 569 ἀγροίκους
482 484 603 547 ἐκέλευε
617 485 672 549 κατ’
684 486 751 549 τῶν
766 483 872 550 ἀστάν
893 482 968 560 τούς
984 482 1131 567 [πολλούς
1146 488 1223 567 τοῖς]
1237 489 1335 546 πολε·

243 584 329 663 μίοις
354 582 543 662 ἐπιβοῶντος
562 580 653 667 τοράν
672 606 705 647 τι
725 581 780 647 κατ’
798 584 1055 667 άπικροτοόντας,
1084 585 1218 647 ἕπεσθαι
1234 581 1329 667 αύτῷ

218 676 326 748 odaia
347 681 401 743 κατ’
424 676 477 743 ἴοι.
517 676 583 761 ἅμα
610 676 669 764 γάρ
701 689 767 756 τοῖς
785 686 904 755 λοιποῖς
923 681 956 754 ἐς
973 682 1071 761 μέσον
1098 678 1251 761 εἱστήκει,
1281 676 1333 751 τάς

249 774 306 860 την
322 779 452 861 ε’σβολην
469 778 504 841 ἐκ
520 778 577 841 τού
584 780 746 863 ἐμφανοῦς
759 775 964 858 ἐκδεξάμενος.
983 777 1028 852 ἀς
1040 779 1076 843 δὲ
1091 769 1166 860 ἧκον
1183 770 1255 860 ἤδη,
1275 772 1356 841 καὶὸ

248 878 281 951 ἐς
301 874 340 941 τά
363 874 468 959 πρόσω
490 880 669 963 χωροῦντες
687 874 761 941 εἴσω
781 878 845 941 τοόν
865 876 966 961 λόχων
986 879 1015 941 οἱ
1035 883 1174 942 πλεῖστοι
1192 873 1334 959 ἐγιγνον-

252 996 288 1039 εο
300 1012 315 1055 ,r
345 974 459 1039 αύτύωι
480 973 666 1059 Βελισάριος
694 970 763 1055 ἅμα
789 984 854 1050 τοῖς
878 974 961 1059 ἀμφ’
991 971 1088 1038 αάτόν
1116 968 1332 1053 ἀντιμέτωπος

249 1072 448 1149 ὑπαντιάσας
468 1074 639 1158 συνέῤῥαξέ
669 1096 780 1159 σφισιν
797 1073 1065 1159 ἐρρωμενέστατα·
1087 1074 1121 1137 οἳ
1135 1096 1169 1137 τε
1187 1064 1333 1158 ἄγροικοι

248 1175 303 1237 καὶ
331 1170 364 1235 τά
395 1172 502 1235 λοιπὸν
532 1166 616 1237 ἀπαν
635 1176 756 1257 πλῆθος
783 1174 973 1254 ἐμβοῶντες,
1007 1169 1063 1235 καιΙ
1088 1169 1332 1243 ἐπικτυποῦντες

247 1278 311 1346 τοῖς
333 1268 446 1349 ξύλοις,
468 1262 489 1331 ά
511 1270 550 1354 δη
574 1272 606 1344 ἐς
625 1271 715 1335 τοῦτο
736 1267 869 1357 ἔφερον,
898 1264 1138 1355 παρεθάρσυνον
1164 1266 1238 1344 τούς
1265 1292 1377 1349 μιν-το

246 1370 409 1451 χομένους.
445 1370 591 1443 δοθέντος
620 1370 655 1433 δὲ
675 1370 734 1433 ’τοῦ
754 1366 969 1453 συνθήματος,
998 1369 1053 1432 καὶ
1072 1365 1111 1450 δὴ
1133 1363 1164 1431 οἱ
1183 1356 1274 1429 ἀλλοι
1293 1366 1332 1429 ἐκ

247 1469 312 1532 τῶν
332 1468 488 1553 κρυπτιλον
509 1460 737 1552 ἀναθορόντες,
762 1465 836 1543 τοάς
856 1473 929 1531 καθ’
952 1463 1070 1542 αύτούς
1089 1460 1230 1550 ἑκάτεροι
1249 1460 1334 1527 κατά

250 1563 287 1630 τά
310 1564 472 1650 ἔγκάρσιον
492 1562 632 1647 ἔβαλλον·
664 1564 722 1649 βοή
743 1590 778 1633 τε
798 1568 934 1649 ἐγίγνετο
954 1564 1010 1630 καὶ
1027 1560 1152 1650 ταραχὴ
1170 1564 1289 1644 μείζων
1309 1554 1333 1648 ἢ

248 1662 327 1727 κατά
356 1659 392 1727 τό
413 1665 546 1745 μέγεθος
565 1666 621 1727 τοῦ
641 1666 788 1745 πολέμου.
836 1662 866 1727 οἱ
890 1667 925 1727 δὲ
944 1661 1101 1747 βάρβαροι
1120 1658 1273 1727 πάντοθεν
1292 1655 1333 1724 ἀ-

213 1758 466 1841 υκοντιζάμενοι,
484 1764 575 1825 τοῦτο
595 1760 633 1845 δὴ
656 1754 729 1847 άπερ
750 1759 938 1846 Βελισάριος
962 1757 1117 1845 διενοήθη,
1138 1761 1183 1836 εἰς
1197 1756 1375 1835 ἐαυτοάςιᾶ

248 1856 428 1945 ἀνεχώρουν
435 1910 445 1941 ,
476 1858 530 1925 καί
549 1861 593 1936 εἰς
613 1860 783 1944 στενότητα
811 1861 1113 1945 συνεσπειραμένοι,
1142 1854 1331 1939 ἀμύνασθαι

249 1958 306 2021 osis
326 1953 490 2043 ἠδύναντο·
515 1952 584 2027 οὔτε
614 1960 675 2045 γάρ
698 1960 834 2037 τοξεύων
855 1954 964 2036 αάτοῖς
990 1959 1117 2035 εάπετές
1136 1958 1259 2043 ύπῆρχε
1286 1958 1333 2046 τῷ

251 2059 333 2151 μηδὲ
352 2057 461 2143 χώραν
480 2054 560 2125 εἶναι
580 2068 645 2135 τοῖς
664 2060 798 2143 βέλεσιν,
819 2057 900 2123 ἀλλά
922 2057 980 2143 γάρ
1004 2049 1073 2121 οὔτε
1093 2054 1245 2143 ἐκδρομὰς
1265 2065 1334 2133 τοῖς

248 2156 355 2231 ἵπποις
375 2155 431 2221 καὶ
449 2156 677 2245 ύπερκερύσεις
697 2162 865 2222 ποιεῖσθαι·
885 2154 986 2244 κύκλῳ
999 2180 1033 2221 τε
1051 2154 1182 2229 ἐδόκουν
1199 2152 1335 2236 ἔχεσθαι

249 2253 294 2332 οἷς
314 2253 352 2341 δὴ
374 2258 507 2345 μεγιστῳ
532 2258 746 2343 στρατεύματι
766 2252 1001 2341 ἀπειλημμένοι.
1021 2258 1098 2321 οἵτε
1118 2252 1177 2340 γάρ
1199 2245 1374 2326 incedens

250 2344 312 2419 σόν
330 2353 501 2444 ἀλαλαγμῷ
521 2356 744 2443 ἐπιφερόμενοι
773 2354 830 2420 κατ’
849 2356 988 2443 πατάγῳ,
1008 2352 1152 2438 ἔκπληξιν
1171 2360 1333 2439 παρεῖχον·

250 2446 270 2518 ό
297 2476 333 2517 τε
361 2452 517 2541 κονωρτάς
545 2457 590 2530 εἰς
617 2452 700 2537 ἀψος
716 2452 882 2541 αἰρόμενος
902 2448 938 2520 οά
964 2454 1132 2539 ξυνεχάρει
1164 2449 1333 2535 διαγιγνώ-

319 2583 344 2618 u.
362 2562 457 2615 δστιύν
474 2559 541 2621 τούς
556 2562 597 2635 [π.
614 2560 648 2633 c}
664 2564 823 2633 πολεμίοις.
844 2562 889 2613 Sic
903 2562 1056 2628 emendavi3
1080 2560 1142 2613 δστ.
1161 2550 1230 2618 τούς
1245 2562 1333 2613 πολε-

318 2637 403 2705 μίους
417 2635 446 2683 R.
458 2642 486 2684 et
496 2633 564 2703 vulg.
642 2650 668 2701 9.
686 2633 854 2700 ἐπιβοῶντες
868 2635 897 2683 It
957 2636 995 2687 ro.
1010 2634 1268 2704 συνεσπειραμένοι
1285 2633 1332 2695 st,

321 2706 555 2775 συνεπειρημένοι
571 2702 656 2771 Lugd.
672 2712 700 2754 et
717 2703 759 2756 ed.
772 2719 823 2772 pc,
842 2704 1096 2775 συνεπειλημμένοι
1113 2704 1169 2757 Par.
1254 2698 1334 2774 tigeri

320 2778 430 2829 νασθαι
447 2776 487 2836 it,
512 2770 676 2843 ἀμύνεσθαι
693 2774 764 2843 vulg.
1275 2812 1281 2821 .

252 2870 366 2924 dilatare
384 2868 470 2919 aciem
482 2876 610 2938 possent,
629 2862 678 2918 sed
693 2866 721 2918 in
736 2869 840 2935 seipsos
859 2866 998 2919 convoluti
1019 2866 1207 2939 implicatique
1229 2876 1330 2922 essent.

251 2946 374 3011 Agreates
390 2956 452 2991 vero
477 2947 506 2991 et
528 2939 576 3008 qui
597 2954 613 2991 e
632 2936 738 2991 civibus
761 2947 839 2989 erant
857 2936 930 2989 bello
949 2938 1021 3006 apti,
1049 2938 1147 3001 iussit,
1172 2947 1204 2992 nt
1223 2940 1331 3009 ingenti

253 3011 369 3063 clamore
382 3018 409 3061 et
423 3010 526 3079 fragore
546 3024 678 3061 armorum
691 3007 774 3071 edito,
786 3026 824 3069 se,
835 3025 890 3079 quo
905 3009 966 3069 iret,
982 3014 1172 3078 sequerentur:
1190 3026 1251 3061 cum
1266 3011 1334 3061 reii-

255 3082 315 3152 quis
333 3080 405 3132 enim
420 3080 449 3131 in
466 3080 557 3131 modio
574 3079 742 3143 constiterat,
752 3087 879 3147 tanquam
892 3076 1012 3130 hostium
1029 3080 1162 3147 impetum
1174 3088 1268 3149 aperte
1284 3098 1335 3133 ex-

255 3160 389 3220 cepturus.
426 3150 493 3201 Cum
523 3158 613 3201 autem
644 3150 700 3199 iam
728 3150 855 3201 venirent
880 3146 1004 3211 barbari,
1031 3149 1200 3219 ulteriusque
1220 3166 1334 3219 progre-

257 3222 364 3275 dientes
390 3222 462 3273 intra
489 3217 603 3273 insidias
629 3218 756 3291 plerique
778 3219 981 3287 pervenissent,
1006 3218 1151 3271 Belisarius
1165 3222 1256 3272 statim
1272 3238 1335 3273 enm

257 3293 308 3357 iis,
328 3292 377 3363 qui
400 3290 453 3360 ipsi
468 3290 595 3353 aderant,
617 3287 729 3340 adversa
750 3290 840 3339 fronte
856 3306 1007 3351 occurrens,
1022 3289 1218 3343 validissimum
1234 3292 1264 3342 in
1286 3308 1334 3344 eos

257 3364 389 3432 impetum
414 3361 488 3423 iecit,
519 3365 548 3411 et
570 3368 686 3430 agrestes
711 3360 854 3428 omnisque
874 3360 979 3480 reliqua
993 3358 1140 3411 multitudo
1165 3361 1282 3413 elamore
1305 3368 1336 3413 et

255 3432 276 3484 li
295 3449 402 3493 norum,
415 3446 552 3503 quaecum
564 3432 678 3481 inusum
690 3428 838 3497 gestabant,
853 3446 930 3498 comp
943 3432 1036 3487 osione
1050 3448 1080 3480 ac
1089 3429 1192 3500 fragore
1207 3448 1336 3502 pugnan-

255 3450 330 3553 tiisus
341 3502 444 3553 animos
455 3498 599 3553 addebant.
635 3500 706 3550 Dato
722 3515 785 3551 vero
799 3501 889 3569 signo,
902 3500 981 3552 etiam
998 3500 1045 3550 alii
1065 3516 1099 3551 ex
1117 3500 1226 3554 insidiis
1243 3502 1334 3572 prosi-

256 3572 365 3634 lientes,
379 3572 515 3642 utrimque
534 3570 706 3622 transversim
718 3570 746 3621 in
760 3567 851 3621 hostes
867 3580 965 3637 ruunt3
982 3570 1134 3641 clamorque
1154 3580 1184 3623 et
1201 3572 1334 3624 tumultus

257 3642 344 3693 maior
366 3658 445 3711 quarn
475 3658 523 3709 pro
546 3641 645 3710 proelii
669 3638 855 3709 magnitudine
879 3649 920 3691 est
951 3641 1089 3692 excitatae
1132 3640 1202 3693 Tum
1224 3642 1334 3694 barbari

259 3712 333 3763 omni
360 3728 393 3762 ex
413 3718 488 3780 parte
509 3711 605 3762 iaculis
628 3711 690 3772 icti,
710 3708 750 3778 (id
765 3708 840 3777 quod
852 3711 997 3762 Belisarius
1014 3710 1236 3780 praecogitaret)
1260 3714 1289 3764 in
1304 3730 1333 3764 se

258 3782 332 3850 ipsos
348 3781 540 3851 conglomerati
556 3790 584 3833 et
596 3783 734 3833 inaretum
749 3779 851 3831 redacti
866 3798 898 3831 ac
911 3780 1063 3903 comqressi,
1080 3783 1151 3833 tueri
1167 3782 1333 3835 rebellando

258 3868 315 3902 non
330 3860 463 3917 poterant.
499 3850 595 3933 Neque
617 3851 689 3903 enim
713 3850 839 3918 sagittare
862 3867 965 3903 commo

260 3936 313 3991 quo
328 3918 404 3972 locus
423 3930 494 3973 esset
510 3922 582 3984 telis,
605 3936 694 3991 neque
712 3921 883 3972 excursiones
903 3924 981 3991 equis
1003 3928 1032 3971 et
1054 3922 1157 3973 alarum
1178 3922 1332 3975 circumdu-

260 3990 364 4043 ctiones
386 3992 473 4043 iacere
497 3999 640 4060 poterant3
663 3988 880 4059 videbanturque
898 3992 983 4044 veluti
1004 3992 1120 4043 maximo
1137 3994 1258 4045 exercitu
1283 3994 1335 4045 ein-

261 4062 397 4115 cumventi
415 4068 443 4113 et
461 4062 490 4112 in
507 4062 601 4115 orbem
617 4060 707 4112 cincti.
743 4058 810 4111 Nam
833 4064 922 4131 etqui
943 4069 1052 4113 atero
1073 4079 1169 4133 magno
1182 4064 1288 4117 uiuum
1306 4072 1334 4115 et

261 4132 366 4203 fragore
376 4147 421 4187 eos
432 4130 571 4203 urgebant,
588 4140 719 4189 terrorem
732 4128 918 4198 incutiebant,
943 4140 971 4186 et
986 4148 1006 4202 p
1039 4132 1078 4189 ris
1092 4134 1122 4186 in
1138 4132 1223 4187 altum
1244 4132 1333 4187 elatas

986 3867 1001 3902 e
1026 3859 1171 3920 poterant,
1193 3870 1254 3905 cum
1283 3870 1333 3905 ne·
