2900 4792
365 278 369 287 ·
433 270 731 337 nrsroussuurs·
746 274 799 337 ιν.
819 276 873 343 ao.
1120 244 1211 365 .27i

125 418 248 511 εἴρηται
262 423 385 511 τρόπον.
406 426 602 509 λογιζόμενος
614 428 651 493 δὲ
665 424 683 491 ό
699 422 854 514 Χωρόηῦ
869 422 914 505 ⁰36
932 425 995 511 οόχ
1012 410 1111 501 οἷόντε
1127 429 1284 521 υότηῖέ.6.
1294 439 1347 496 550

124 522 189 589 ἀνά
213 521 273 609 τὴν
302 523 448 607 Κυλχιθα
471 527 529 609 γῆν
549 522 627 612 πρός
637 522 827 608 Ῥωμαίους-
845 527 1118 613 παρατάττεσθαι,
1145 510 1238 599 ratri
1252 511 1316 565 ¹⁶³⁰

123 627 186 704 μὲν
196 624 252 709 τῆς
269 623 428 708 θαλάττης
443 622 650 709 κρατούντων,
671 626 726 691 καί
740 620 877 709 ἅπαντα,
893 616 937 693 ὧν
953 618 994 693 ἀν
1009 629 1138 711 δέοιντο,
1151 625 1242 720 (ip-D

124 723 202 800 δίως
216 726 345 789 ἐνθένδε
362 724 659 806 μεταπεμπομένων,
681 724 782 789 adteri
800 727 834 790 δὲ
852 722 906 789 διὰ
918 728 1044 811 μακρός
1058 722 1137 794 itui
1153 728 1213 795 καί

102 822 244 907 ὄέρήμου
263 818 356 903 μόλις
374 830 440 899 τοῖς
459 820 761 909 στρατοπεδεύουσιν
778 825 1030 908 ildzuros-yolo
1048 827 1112 891 τόν
1128 829 1209 893 ἔδω

122 918 225 1003 δέμων
242 916 302 985 tat
321 918 516 1009 ἀχθοφόροις
536 918 670 1007 ἀνδράσι
681 946 715 986 τε
728 920 785 987 καί
800 922 982 1008 όπσζυγάιις
996 923 1208 1007 χαλεπώτατα

122 1022 266 1086 στέλλειν
286 1013 549 1103 ἀναγκαζομένων·
569 1022 670 1087 ταῦτα
685 1023 724 1107 δὴ
744 1014 801 1088 σόν
822 1024 1018 1107 ἐπισκοπῶν,
1050 1020 1128 1108 ἔγνω
1151 1022 1208 1091 τόν

122 1112 197 1183 όλον
220 1115 354 1200 πόλεμον
373 1122 585 1202 καταθέσθαι,
619 1119 664 1195 ὥς
688 1115 729 1185 ἀν
753 1119 800 1204 μὴ
819 1122 1025 1187 ἐ’πιπλεῖστον
1050 1117 1205 1207 αότοίςῆ

121 1215 230 1303 εἰρήνη
249 1220 379 1304 χωρίοις
393 1216 461 1283 τισί
475 1220 719 1304 περιοριζομένη,
748 1214 862 1303 ἀτελὴς
877 1219 934 1285 καί
957 1215 1021 1286 οἷον
1043 1222 1204 1301 σκόζσυσα

86 1316 283 1397 ιοδιαμένοι,
312 1316 383 1379 ἀλλ’
400 1312 516 1397 ὁμοίους
537 1315 720 1400 ἁπανταχοῦ
752 1312 987 1404 έπιόρωσθείη.
1015 1324 1071 1385 καί
1094 1324 1203 1387 τοίνυν

119 1417 270 1500 ἐκπέμπει
283 1412 337 1479 ἐπέ
352 1418 390 1502 τῇ
408 1416 557 1503 πρεσβείᾳ
579 1416 612 1491 ἐς
629 1412 664 1480 τό
680 1413 857 1496 Βυζάντιον
875 1408 978 1504 ἀνδρα
999 1422 1131 1505 Πέρσην
1139 1422 1202 1485 τόν

118 1511 248 1601 σφόδρα
272 1519 348 1601 παρ’
382 1514 490 1591 αὐτοῖς
511 1510 749 1599 λογιμωτάτων,
781 1507 879 1598 ὄνομα
907 1518 943 1581 δὲ
963 1509 1003 1602 ἦν
1020 1518 1106 1605 αάτηῖ
1124 1517 1201 1601 Ζίχ.
1211 1528 1237 1581 Ρ.
1246 1519 1298 1589 lli

118 1604 209 1690 οὗτος
232 1610 306 1677 dli
334 1611 398 1697 Ζίχ
424 1612 615 1700 ἀφικόμενος
639 1612 694 1677 καί
714 1612 882 1700 παρελθών
912 1611 955 1691 ὥς
980 1615 1200 1683 Ἰουστινιανόν

117 1714 261 1793 βασιλέα,
278 1710 377 1777 πολλά
395 1714 454 1794 μὲν
469 1710 530 1799 ἔφη
550 1713 613 1777 τῶν
630 1708 794 1799 παρόντων
807 1716 890 1801 πέρι,
912 1711 1011 1779 πολλά
1030 1715 1066 1778 δὲ
1079 1708 1201 1799 ἀκήκοεν

84 1808 173 1876 sinor*
193 1813 292 1895 πέρας
313 1810 346 1887 ές
360 1808 432 1875 τόδε
452 1812 656 1895 ξυνηλθέτην,
676 1814 728 1896 ἐφ’
751 1801 968 1899 ᾦῬωμαίους
984 1834 1020 1875 τε
1039 1816 1095 1877 καί
1110 1818 1201 1900 Πέρ-

116 1931 175 1983 σας
194 1910 338 1991 κατέχειν
353 1909 413 1988 μὲν
431 1904 564 1989 ἅπαντα,
582 1900 628 1972 οἷν
645 1900 705 1993 ἤδη
723 1905 891 1991 έτόμχανον
904 1906 985 1973 κατά
1002 1906 1059 1993 τὴν
1075 1913 1197 1991 Λαζῶν

116 2003 227 2090 χώραν
260 2010 397 2087 πολέμου
437 2007 546 2093 θεσμῷ
582 2007 820 2090 ἐπειλημμένοι,
855 2005 917 2072 εἴτε
948 2006 1126 2089 πολιλτματά
1165 2035 1202 2094 με

116 2102 179 2168 εἴτε
200 2102 339 2191 φροόρια
365 2098 444 2185 sier,
464 2103 602 2189 ἡσυχίαν
619 2106 656 2170 δὲ
677 2099 764 2187 όμειν
780 2106 834 2192 ἀφ’
848 2100 987 2185 ἑαυτῶν,
1014 2104 1070 2169 καί
1085 2101 1200 2188 ἥκιστα

116 2203 184 2267 κατ’
225 2198 365 2288 ἀλλήλων
404 2202 678 2289 παρατάττεσθαι,
720 2206 780 2279 ’ἕως
811 2206 845 2281 ές
875 2200 982 2289 έτερόν
1015 2226 1048 2268 τι
1085 2206 1223 2286 μείζονα

80 2298 171 2365 nonos*
201 2300 383 2387 τελεώτερον
414 2298 448 2365 τὸ
467 2296 660 2387 ἑκατέρωθεν
684 2294 786 2388 ὄρχον
809 2300 969 2386 συμβαίη.
999 2298 1018 2364 ό
1053 2304 1113 2383 μέν
1143 2294 1200 2369 σόν

117 2398 179 2484 Ζίχ
191 2396 272 2466 οὕτω
287 2398 325 2465 rei
341 2402 397 2485 τῆς
413 2401 580 2485 πρεσβείας
595 2398 854 2487 διαπραξόμενος,
875 2393 1083 2486 ἀπενόστησεν
1106 2403 1140 2479 ές
1157 2387 1198 2467 τά

185 2555 207 2589 r.
234 2536 313 2607 Quae
341 2543 501 2609 sequuntur,
527 2536 586 2588 sine
614 2535 671 2587 ulla
692 2538 824 2590 verietate
840 2534 966 2607 leguntur
1004 2537 1035 2589 in
1062 2536 1128 2590 eod.
1146 2539 1199 2589 iia·

183 2623 239 2658 ssr.
263 2608 456 2677 Excerptorum
480 2605 514 2657 de
539 2606 728 2675 legationibus.
826 2608 850 2660 ³.
876 2606 1022 2670 θαλάσσης
1048 2608 1077 2659 li.-
1165 2626 1192 2677 p„

182 2676 360 2739 σκάζουσθαι
384 2678 414 2728 it.
508 2694 545 2730 so.
560 2680 735 2749 επιρωσθειη
754 2680 784 2731 ll.
871 2696 909 2733 sa.
925 2676 1148 2748 λυγισμωτάτων
1166 2678 1196 2729 ll.

184 2748 346 2877 &palpat
372 2746 437 2805 add.
464 2764 497 2800 er
519 2748 547 2799 it
580 2754 608 2799 et
632 2746 731 2818 luipo,
750 2748 911 2819 ebertrulg.
926 2756 955 2801 et
973 2748 1036 2801 Ere
1111 2761 1148 2818 sp
1167 2747 1197 2805 la

116 2974 224 3023 allectus
251 2972 319 3036 iult,
338 2970 565 3043 quemadmodum
587 2988 617 3024 sn
639 2990 667 3023 ra
687 2982 759 3023 stne
774 2979 816 3024 est
836 2968 947 3023 dietum.
984 2970 1118 3024 chosroes
1131 2982 1197 3025 vero

116 3042 298 3105 considerans,
325 3058 354 3093 se
378 3058 434 3093 non
454 3058 532 3111 posse
554 3044 584 3095 iu
634 3040 739 3093 olchiea
770 3040 880 3111 regione
910 3042 1037 3094 adversus
1063 3042 1197 3094 lionranos

117 3114 263 3164 exercitum
291 3112 406 3175 ducere,
432 3114 505 3182 quod
528 3112 570 3163 ilii
589 3112 700 3183 quidem
719 3112 787 3163 muri
804 3114 972 3180 potirentur,
992 3126 1088 3180 seper
1106 3112 1134 3161 id
1152 3112 1195 3162 ia-

116 3184 167 3235 eile
182 3184 331 3234 necessaria
355 3183 445 3233 omnia
471 3184 510 3234 eis
527 3180 760 3244 subveherentur,
783 3183 842 3250 ipse
859 3196 922 3231 vero
949 3182 1036 3251 longis
1062 3180 1193 3233 desertis-

116 3270 168 3324 que
193 3252 339 3304 itineribus
362 3251 390 3303 in
409 3260 494 3304 eastra
513 3270 560 3305 sua
583 3253 665 3303 etiarn
689 3252 815 3321 exiguum
844 3260 1023 3303 commeatum
1049 3266 1106 3300 non
1137 3250 1209 3301 nisi¹

134 3342 163 3375 er
172 3322 280 3375 baiuios
292 3330 320 3373 et
332 3327 452 3376 iumenta
466 3326 589 3376 oneraria
600 3321 755 3375 difficillime
762 3322 871 3373 mittere
880 3329 1027 3390 cogeretur,
1038 3325 1125 3383 totum
1132 3318 1194 3372 bel-

115 3340 169 3444 lum
180 3392 372 3462 deponendum
387 3393 502 3455 censuit,
511 3410 546 3444 ne
563 3394 628 3463 ipsis
637 3408 689 3462 pax
695 3431 703 3455 ,
721 3392 802 3444 certis
816 3390 979 3463 quibusdam
997 3398 1028 3441 nt
1044 3390 1192 3458 plurimum

115 3463 182 3517 locis
211 3464 425 3533 circumscripta,
447 3463 545 3515 mutila
575 3464 789 3534 imperfectoque
812 3469 840 3514 et
860 3458 1060 3533 quodammodo
1087 3458 1192 3511 claudi-

118 3551 178 3586 oans
198 3541 388 3603 permaneret,
407 3531 455 3585 sed
478 3550 511 3585 ex
527 3548 614 3604 nequo
632 3532 737 3602 ubique
757 3532 859 3585 valeret
878 3539 907 3583 nt
926 3547 962 3584 ue
980 3530 1193 3588 confirmaretur,

114 3605 272 3671 Byzantium
293 3620 355 3673 ergo
376 3620 437 3655 eum
459 3602 596 3673 legatione
612 3602 699 3655 mittit
717 3603 805 3655 virum
826 3550 961 3674 quendam
977 3602 1084 3657 Persem
1100 3600 1192 3651 maxi-

116 3688 172 3726 mae
190 3674 365 3736 auctoritatis,
382 3677 426 3726 eui
442 3690 541 3725 nomen
560 3680 618 3725 erat
635 3671 704 3724 Ziob-
723 3676 749 3725 Is
775 3687 836 3725 enm
851 3670 886 3723 ad
902 3672 1082 3724 lastinianum
1100 3671 1175 3739 impe

114 3752 265 3814 peratorem
282 3746 419 3809 venisset,
444 3744 578 3817 multique
600 3744 673 3795 uitro
698 3744 821 3814 citroque
843 3756 979 3794 sermones
1002 3740 1036 3793 de
1052 3739 1190 3810 praesenti

116 3832 204 3869 rerum
223 3821 294 3865 statu
314 3823 405 3867 essent
426 3812 533 3877 habiti,
559 3812 669 3867 taudem
688 3814 727 3865 ita
751 3815 823 3864 iuter
846 3828 892 3864 eos
917 3812 1061 3874 convenit,
1086 3816 1117 3861 ut
1135 3812 1186 3861 llo·

114 3886 187 3937 mani
222 3892 251 3937 et
278 3884 372 3936 Persae
398 3886 428 3935 in
456 3884 551 3937 Lasion
577 3884 687 3953 regione
710 3883 804 3935 omnir
830 3883 988 3944 retinerent,
1011 3886 1192 3951 quaeeunque

115 3954 183 4007 belli
203 3954 263 4007 iure
281 3954 483 4016 obtinuissent,
507 3956 563 4006 sive
589 3953 698 4005 castella
719 3955 775 4005 sire
804 3968 853 4021 pro
873 3952 1004 4035 nqnacnla
1029 3966 1061 4003 ea
1083 3958 1189 4017 essent3

114 4026 167 4093 ipsi
185 4040 248 4076 vero
266 4024 337 4076 inter
356 4041 385 4076 so
407 4025 526 4107 quietem
543 4032 669 4093 agerent,
691 4022 822 4094 belloque
839 3970 1025 4085 abstinerent,
1043 4020 1131 4074 donee
1145 4036 1190 4070 sr-

116 4095 183 4149 atins
194 4094 304 4165 aliquod
316 4094 516 4166 perfectiusque
526 4090 621 4146 foedus
629 4095 766 4163 principes
781 4094 920 4165 utrimque
933 4094 1042 4145 inirent.
1060 4088 1123 4141 Zielr
1134 4090 1189 4139 its-

117 4180 167 4233 que
185 4164 322 4234 legatione
335 4180 383 4215 sua
393 4164 431 4215 its
449 4163 617 4232 perfunctus,
627 4164 662 4217 sd
676 4179 739 4216 suos
754 4160 844 4216 rediit
877 4162 957 4233 Qase
973 4162 1023 4213 ubi
1043 4158 1190 4231 praesedit
