2900 4792
451 238 734 309 mstonmnuu
762 248 802 308 v.
823 245 874 316 ιο.
1112 218 1198 307 3ι3

120 400 206 471 ἑλεῖν
217 406 389 491 ,δυνηθεῖεν
405 403 665 489 ύπαγγελμῦντας.
686 402 772 473 ούτω
790 411 824 475 τέ
845 406 972 474 διετέλει
991 402 1104 469 ἕκαστα
1122 418 1339 487 yvo-emta

119 502 268 586 ματεύων
287 507 342 569 nni
360 502 585 586 διανοούμενος
605 505 717 583 νυκτός
737 508 774 571 δὲ
792 506 1031 591 ἐπιγιγνομένης,
1052 493 1220 588 φρυιιτω-1
1235 493 1300 548 1³¹

119 604 192 689 ρίοις
211 597 328 686 nimime
348 600 463 677 πολλός
482 602 537 667 ἐπί
552 608 632 687 μέγα
651 606 708 669 cosi
727 606 835 671 nedsbo
856 602 1115 682 σκεδαννυμένος,
1143 594 1289 667 imp-¹61

119 699 160 787 ds}
182 698 212 765 oi
231 704 373 781 πολέμιοι
393 696 524 787 όριύνεες
544 703 678 787 οἰηθεῖεν
697 708 845 787 μέγιστον
872 699 953 769 εἶναι
980 698 1017 762 τό
1045 696 1196 784 στράτευ-

97 809 185 881 5μα,
207 806 276 874 τοῖς
295 807 410 883 πυραῖς
431 798 688 885 ἀναμετροῦντες
716 801 773 866 καί
789 803 896 867 τοίνυν
925 795 1008 864 edem
1029 796 1069 881 δὴ
1089 789 1195 886 ᾤοντο,

117 896 175 961 καί
200 894 337 973 δεδιότες
363 897 511 982 ἠρέμουν.
540 898 618 985 ύτόρ
640 900 698 965 ode
725 903 922 966 ἐπιπλεῖστον
949 906 1019 973 ταῖς
1036 894 1195 971 τοιαύταις

76 986 83 1005 ⁸
115 990 252 1072 ἆπόταις
271 998 627 1082 ιιατοιοτρατηγούμενοι,
660 998 798 1083 ἡσυχίαν
823 992 912 1084 ,ἦγον
942 994 1113 1084 ἠκηκόεσαν
1131 990 1191 1079 γόρ

115 1086 180 1180 ἤδη
199 1095 244 1173 τός
263 1092 425 1178 ἐλάχιστος
451 1096 499 1181 εἴη
529 1096 626 1163 όεούν
641 1094 806 1179 Ῥωμαίων
826 1096 977 1184 στρατός,
1011 1093 1065 1159 καί
1082 1089 1193 1178 ἥκιστα

115 1188 224 1269 αύτοϊς
243 1194 426 1277 ἀξιόμαχος·
461 1192 541 1279 πλὴν
567 1197 635 1260 ἀλλ’
661 1194 691 1261 oi
718 1200 908 1284 στρατιῶται
936 1197 1049 1279 πολλῆς
1075 1191 1193 1275 εἴχοντο

77 1298 307 1380 Ιοπροθυμύνς,
328 1299 589 1382 περιφρονοῦντες
608 1300 668 1378 μέν
685 1295 760 1374 τούς
779 1296 988 1377 ἀντιπάλους,
1009 1295 1040 1357 εί
1057 1294 1113 1357 καί
1129 1314 1192 1373 μυ-

112 1392 179 1479 ρίοι
199 1387 266 1457 deos
285 1392 537 1479 ἐπιφοιτήσαιεν,
564 1396 604 1481 τῇ
634 1399 772 1484 σφετέρᾳ
800 1399 836 1461 di
865 1390 958 1483 ύρετῇ
978 1391 1117 1475 μάλιστα
1135 1415 1192 1454 πο-

111 1490 276 1574 ποιθότες,
307 1486 362 1555 ἅτε
385 1488 422 1576 t»)
440 1492 596 1573 Ῥωμαῖοί
609 1516 644 1577 γε
672 1486 774 1577 ὄντες,
801 1492 856 1559 καί
874 1491 1017 1581 ἐμπειρία
1045 1490 1215 1573 μεγάλωνΒ

109 1582 173 1673 ἤδη
204 1586 356 1655 ιιινιλύνων
374 1586 413 1654 τό
433 1592 566 1672 πολέμια
587 1592 849 1675 ἐκμελετήσαντες.
886 1587 1135 1671 συναισθόμενος
1154 1590 1191 1653 tt

111 1684 130 1749 ό
151 1686 339 1773 Βελισόριος
358 1690 416 1773 τῆς
434 1691 497 1755 τῶν
518 1692 642 1774 ἀνδρῶν
662 1688 951 1778 μεγαλοφροσύνης,
971 1688 1027 1754 καί
1044 1686 1100 1771 ὅτι,
1120 1710 1190 1770 μοι·

74 1782 210 1863 ιὸζόνως
236 1778 314 1873 ἤπερ
344 1788 441 1872 ἐχρῆν
467 1786 523 1852 ἐπὶ
547 1798 613 1865 τοῖς
642 1788 788 1875 φθάσασι
818 1787 926 1866 πόνοις
952 1786 1190 1874 βρενθυόμενοι,

108 1890 173 1951 τῶν
202 1883 333 1951 demoni
359 1890 637 1971 κατολιγωρούσιν,
663 1888 777 1952 ἐδεδίει
802 1887 923 1971 μήποτε
950 1880 1013 1973 cipe
1042 1888 1190 1953 ἐντεῦθεν

108 1982 260 2069 μεγίστην
287 1982 487 2070 εὐρυχωρίαν
514 1994 583 2060 ταῖς
603 1985 707 2051 ἐλπίσι
733 1986 941 2070 παράσχοιεν,
976 1980 1191 2069 παρεισδύναί

108 2108 144 2149 τε
172 2080 288 2159 αύτούς
312 2082 367 2147 καί
394 2077 523 2167 ύπόγειν
550 2078 622 2149 ὅπου
650 2088 706 2149 καί
732 2083 898 2168 βούλονται
924 2086 969 2171 τῷ
997 2081 1106 2171 ῥᾳδίας
1133 2079 1191 2145 sai

107 2192 276 2268 προσηνεῖς
294 2181 482 2269 ὑποφαίνειν
503 2179 559 2258 τός
576 2184 639 2247 τῶν
661 2183 895 2271 ἐγχειρημάτων
916 2180 1067 2266 ἐκβάσεις.
1087 2177 1132 2257 οἷς
1146 2172 1188 2243 όν

67 2275 164 2349 noodr
173 2279 218 2365 μή
229 2277 309 2346 citro
317 2284 415 2346 ταύτα
427 2286 591 2363 συμβαῖεν,
602 2272 753 2369 ἤθροισεν
760 2278 899 2360 ἅπαντας
912 2283 947 2358 ἐς
960 2279 1070 2362 ended,
1082 2276 1185 2366 οόσπερ

105 2371 169 2465 ἤδη
187 2382 244 2445 τού
259 2380 377 2463 ιῖγύνος
390 2380 602 2467 ἐφεστηκότος
612 2382 668 2445 uni
682 2380 792 2469 φανείς
805 2384 839 2458 ἐς
849 2384 955 2463 μέσον,
969 2378 1053 2459 ἔλεξε
1067 2382 1212 2448 τοιύόειῦ

179 2497 500 2569 τ.ύπαγγελλοῦντατλλ.
551 2519 587 2555 ra.
600 2502 649 2555 Pro
683 2506 783 2556 eR.se.
834 2504 872 2559 15.
880 2501 1040 2559 neronom.
1054 2500 1186 2553 διάλυε.

175 2570 377 2641 βρενθύεσθαι.
485 2586 524 2641 ¹7·
545 2584 651 2640 παρεισ
670 2576 754 2625 οῦναι
772 2574 820 2639 n,
843 2571 1033 2645 παρεισδὴναι
1052 2571 1110 2642 sph.
1130 2572 1187 2622 Par.

176 2660 220 2695 ao.
239 2636 291 2696 ούν
310 2659 360 2694 om.
384 2640 416 2693 il.
510 2647 667 2713 συμβαῖνον
684 2646 714 2703 R.
840 2662 886 2699 aa.
904 2642 1092 2717 ἐφεστηκότος
1107 2642 1136 2693 R.
1158 2648 1188 2694 et

175 2713 260 2783 lntpr.
279 2712 446 2776 imminente,
463 2714 671 2797 καθεστηκότος
687 2716 758 2785 vulg.
947 2708 951 2733 ³

104 2839 210 2902 posset,
236 2839 264 2883 et
281 2832 500 2894 dinumerarent,
520 2840 548 2884 et
572 2834 680 2905 siquid
702 2834 778 2887 aliud
796 2836 894 2888 rescire
913 2832 1185 2903 possentrenuntia·

104 2911 184 2955 rent:
215 2920 302 2973 eoque
327 2905 357 2955 in
382 2912 453 2954 statu
474 2904 582 2965 mansit,
612 2904 717 2975 singula
742 2908 882 2975 pensitans
902 2911 930 2955 et
948 2921 1009 2957 cum
1025 2906 1117 2955 animo
1134 2918 1184 2953 sno

104 2972 266 3036 revolvens,
293 2974 448 3044 multosque
467 2974 495 3025 in
513 2972 632 3042 speculis
657 2976 739 3045 longe
762 2976 874 3045 lateque
900 2990 950 3042 per
967 2990 1058 3043 agnum
1085 2974 1185 3040 sparsis

104 3044 180 3113 ignes
199 3042 339 3109 accendit,
366 3052 396 3096 ut
414 3043 506 3097 hostes
531 3060 577 3095 eos
596 3046 756 3114 conspicati,
782 3046 928 3097 maximum
954 3062 1012 3095 esse
1035 3044 1185 3095 exercitum

102 3122 246 3183 putarent,
272 3131 305 3165 ex
330 3115 433 3185 ignium
461 3131 633 3167 accensorum
660 3115 838 3168 multitudine
866 3130 927 3167 eum
952 3116 1104 3167 metientes.
1149 3112 1184 3163 Et

102 3182 216 3255 quidem
234 3186 272 3236 ita
294 3185 376 3253 plane
399 3185 553 3253 putabant,
572 3185 690 3257 ideoque
708 3194 862 3237 metuentes
880 3184 944 3248 sibi,
969 3186 1057 3254 quieti
1079 3180 1183 3233 substi-

102 3262 205 3307 terunt.
242 3255 368 3307 Ceterum
392 3272 448 3305 non
473 3254 575 3307 dudum
598 3255 650 3309 boc
679 3256 790 3309 militari
819 3264 877 3307 astu
903 3255 973 3307 elusi
991 3254 1180 3324 conquierunt.

99 3324 253 3377 Audierant
268 3326 342 3377 enim
358 3327 412 3377 ism
430 3340 511 3395 quam
523 3326 665 3377 minimum
683 3341 742 3377 esse
756 3328 903 3379 Romanum
916 3325 1073 3384 exercitum,
1090 3336 1181 3405 neque

99 3412 205 3464 parem,
223 3396 271 3465 qui
289 3413 350 3447 cum
368 3394 435 3465 ipsis
453 3396 558 3463 proelio
581 3394 726 3449 decernere
744 3404 843 3466 posset
878 3396 1002 3447 belisarii
1016 3393 1117 3445 milites
1137 3408 1183 3443 sn·
1219 3394 1229 3417 “

99 3474 176 3517 terea
196 3463 274 3518 valde
293 3472 371 3517 erant
391 3467 509 3527 alacres,
535 3465 694 3535 hostemque
720 3466 948 3529 contemnebant,
971 3464 1077 3517 etiamsi
1094 3462 1182 3513 mexi-
1284 3516 1295 3537 ·

99 3536 152 3587 mis
175 3536 262 3604 copiis
285 3535 314 3587 in
347 3552 375 3587 se
400 3537 533 3604 impetum
564 3536 677 3603 laceret;
708 3538 811 3590 virtute
842 3555 890 3589 sua
914 3537 1015 3589 bellica
1036 3534 1181 3603 praecipue

98 3606 181 3669 freti,
202 3609 305 3675 quippe
321 3605 394 3676 quod
411 3606 524 3657 Romani
548 3616 653 3670 errent,
678 3615 708 3659 et
732 3608 909 3660 maximorum
933 3604 1114 3676 periculorum
1133 3620 1182 3655 ex-

98 3676 237 3746 perientia
257 3677 286 3727 in
306 3694 335 3729 re
359 3675 458 3729 bellica
478 3677 701 3731 exercitatissimi.
737 3677 882 3729 Belisarius
899 3694 972 3741 vero,
996 3674 1181 3728 animadverso

99 3748 150 3798 illa
165 3746 315 3799 animorum
330 3748 465 3810 elatione,
483 3744 611 3819 quodque
625 3750 709 3815 magis
730 3764 812 3818 quam
826 3755 964 3817 oporteret
979 3747 1013 3799 de
1026 3744 1180 3815 praeteritis

98 3816 243 3869 laboribus
271 3818 432 3885 gloriantes,
450 3820 601 3886 praesentia
623 3827 842 3881 contemnerent,
865 3818 1017 3879 verebatur,
1039 3833 1074 3867 ne
1096 3816 1180 3867 nianis

100 3889 189 3941 suisa
210 3886 276 3939 ebus
290 3886 408 3939 habenas
421 3887 553 3949 laxarent,
572 3906 642 3958 quae
661 3890 736 3959 ipsos
759 3898 921 3941 transversos
935 3904 1098 3959 quocunque
1121 3884 1180 3937 vel-

97 3956 161 4010 lent
173 3904 345 4026 abriperent,
364 3974 396 4010 eo
415 3956 489 4027 qnod
507 3958 599 4010 faciles
618 3958 762 4011 admodum
780 3976 877 4022 terrem,
895 3976 961 4029 quas
984 3955 1180 4027 aggredieban-

97 4036 154 4091 tur,
176 4036 288 4079 eventus
304 4028 358 4080 sibi
388 4026 540 4097 lingebant:
559 4027 633 4098 qnod
648 4029 759 4101 quidem
778 4047 812 4081 ne
833 4031 871 4081 ite
891 4030 1036 4085 eveniret.
1054 4024 1180 4079 omnibus

98 4100 129 4150 in
142 4115 227 4151 unum
240 4100 358 4159 coactis,
376 4098 462 4149 veluti
481 4098 587 4166 proelio
608 4100 662 4149 iam
681 4100 856 4165 imminente,
869 4100 971 4171 ipsein
982 4096 1102 4153 medium
1116 4112 1180 4165 pro·

99 4184 220 4238 genuus,
239 4169 269 4223 in
283 4167 356 4223 hune
369 4168 477 4221 modum
489 4168 570 4223 verbe
583 4169 657 4223 iecit.
