2900 4792
243 241 269 326 r
666 231 901 304 rranrruo.

244 390 380 460 conrpirat
402 391 479 462 panai
503 387 613 464 quitiam
633 407 700 461 quor
723 401 794 446 certa
811 393 915 444 ratione
940 389 1104 446 eoniioienhi
1127 390 1215 444 sanari
1235 404 1315 461 poree

243 494 398 566 apparebat.
440 493 505 546 Dra}
522 509 618 564 ruprr,
643 511 692 546 ιιιιι
711 491 893 565 tiebdigerani
915 491 1016 546 codicia
1044 493 1183 546 evanuitae
1207 491 1316 546 huten

243 598 364 652 uritiwu
381 611 460 668 qunnr
478 612 512 648 ex
530 593 583 649 hoo
606 593 705 648 edendi
729 594 823 650 labore
839 595 979 667 percipere
1007 595 1177 666 aliquatenus
1203 597 1317 650 fortasse

242 704 405 774 potuissem:
448 698 600 772 (loquare
624 699 732 753 rtier'arn
751 699 862 754 annino
880 700 935 752 niri
955 697 1193 768 reprehensionem
1210 713 1318 762 rarerat

242 805 344 858 nuliam
361 805 419 858 iere
437 819 523 858 meam
539 806 570 858 tn
586 819 619 858 eo
639 819 769 875 apparere
787 819 906 875 operare.
946 802 1047 858 hibere
1069 801 1159 857 dicatu
1176 791 1315 874 quomodo

242 926 286 962 ret
303 925 332 962 ae
350 907 447 962 hahet:
472 907 554 961 modo
575 908 648 962 nnrla
672 905 814 961 divinandi
828 907 875 972 vi,
902 905 985 962 nodo
1001 907 1134 961 verrionie
1152 903 1315 961 adminicuto

241 1029 298 1064 nou
316 1029 401 1083 pauca
419 1018 491 1066 reete
511 1013 695 1075 coniecerant,
717 1010 827 1065 lacunar
849 1027 960 1084 qnoque
977 1007 1130 1080 aupplendo
1155 1009 1315 1062 ureieram

241 1112 275 1166 ale
294 1114 393 1185 quibnr
409 1131 538 1180 monere,
563 1131 597 1168 ea
617 1121 763 1186 quoearra
787 1131 837 1186 pro
857 1113 1021 1168 oonieoturia
1038 1112 1227 1185 rupperlitavit
1241 1109 1315 1164 iteh-

240 1215 392 1286 digeruntur,
409 1217 467 1272 aire
484 1219 578 1273 eadem
596 1219 680 1289 plane
698 1221 756 1273 atre
771 1218 898 1284 meliora,
917 1219 1081 1290 contempni.
1096 1215 1249 1270 bauderuna
1267 1231 1315 1266 ea·

239 1325 342 1389 ptarem
360 1337 403 1374 ruo
420 1321 479 1391 ipro
497 1319 561 1374 iacti
578 1320 668 1374 terte?
708 1321 779 1374 Turn
794 1335 876 1386 reru,
898 1327 930 1374 nt
947 1319 978 1374 id
995 1319 1091 1373 raitanr
1107 1337 1157 1390 pro
1176 1319 1229 1372 riri
1246 1318 1324 1370 boni·

239 1419 332 1478 indole
353 1423 412 1476 fleri
434 1431 541 1492 portet,
566 1439 599 1476 ea
624 1437 735 1495 quoque
759 1422 907 1477 indicanda
929 1423 1046 1476 iuieeent
1069 1421 1118 1476 uhi
1143 1439 1188 1474 ure
1211 1437 1312 1476 errante

240 1522 403 1592 apparebat:
422 1531 568 1597 utrumque
585 1525 644 1578 aine
660 1523 718 1579 utto
737 1524 889 1579 litterarum
907 1524 1019 1593 fracta,
1032 1524 1093 1578 arra
1105 1527 1175 1578 ratio
1194 1525 1224 1578 in
1240 1541 1315 1578 oom-

243 1625 423 1679 ruernorandir
443 1625 565 1681 Claraeui
583 1627 747 1681 coniectaria
766 1627 828 1679 iaia
848 1626 905 1698 Qui
921 1629 980 1696 ipae
997 1643 1088 1680 areuna
1103 1628 1257 1699 exemplum
1270 1643 1316 1680 ae·

243 1735 353 1782 naturae
371 1745 405 1780 ae·
417 1729 553 1784 nominari
570 1727 724 1782 recusabat:
749 1737 831 1801 atque
856 1747 872 1781 a
893 1745 938 1782 ane
955 1728 1138 1784 contendebat
1162 1737 1194 1782 ut
1219 1728 1316 1782 eaden

237 1827 298 1900 lege
321 1847 402 1902 quam
427 1831 496 1887 mihi
520 1833 684 1904 aeripriaaent
709 1850 739 1886 ae
763 1849 877 1905 qnoque
892 1835 1010 1888 metirer.
1057 1834 1158 1888 Verum
1178 1851 1325 1888 aarenanra·

238 1935 339 1988 extorri
360 1936 519 1990 auctoritate
543 1952 602 1990 ruea
621 1936 715 1990 iuraui
731 1936 861 2006 pudenti:
888 1944 920 1988 ut
933 1937 1012 1989 ilium
1029 1943 1058 1990 et
1076 1937 1223 2009 philologia
1240 1953 1324 1989 eoru-¹

239 2038 394 2092 mandarem
419 2047 448 2094 et
464 2041 530 2093 viria
545 2041 697 2096 iiiuatrihur
721 2043 770 2112 qut
787 2055 844 2093 rena
862 2039 1001 2111 publium
1017 2039 1246 2112 hamburgensem
1271 2048 1317 2093 te·

237 2147 312 2194 nent
330 2141 494 2213 Argumenta
508 2142 640 2198 librorum
654 2144 824 2214 eomeripait,
842 2141 1004 2214 indicetque
1020 2143 1140 2197 oonieeit
1152 2144 1226 2198 idem
1236 2144 1323 2198 cta·-

237 2261 330 2310 aeuur,
353 2259 386 2298 ea
403 2247 503 2318 quibua
521 2246 564 2302 illi
579 2249 627 2319 qui
643 2264 685 2301 rer
704 2255 734 2298 et
748 2249 859 2302 nomina
877 2247 1067 2318 eompieetitur
1080 2263 1167 2317 pauca
1183 2247 1316 2318 quaedam

237 2348 374 2420 adaeripai.
397 2350 574 2416 Aceentuurn,
592 2349 855 2424 orthographiaeque
868 2353 1000 2406 rationem
1014 2350 1206 2404 atabiiieudaar
1221 2367 1316 2404 auree

231 2451 275 2523 pit
299 2454 328 2505 in
355 2469 384 2504 ae
409 2451 567 2522 Sehopenua
583 2469 672 2506 meua:
700 2453 735 2506 de
760 2455 838 2506 cuiue
859 2453 982 2506 doctrina
1007 2462 1090 2524 atque
1111 2454 1222 2522 ingenio
1245 2470 1317 2524 qaae

232 2557 363 2618 rentiam,
383 2553 433 2607 hac
447 2555 650 2626 opportunitate
667 2573 733 2610 uana
749 2555 947 2626 praedicarem
965 2557 1020 2608 niti
1034 2555 1102 2608 haee
1112 2571 1221 2626 quoque
1234 2571 1316 2626 prae-

231 2658 299 2712 farto
323 2665 467 2730 antequem
483 2659 556 2714 liher
573 2661 603 2714 in
624 2661 766 2732 publicum
782 2663 924 2714 emittatur
942 2659 977 2712 ab
996 2677 1029 2712 eo
1045 2659 1216 2729 inspicienda
1233 2668 1314 2724 earet,

234 2759 473 2833 praevideremque
491 2769 559 2816 tune
582 2779 645 2816 euna
661 2779 764 2816 rumara
781 2779 834 2836 ope
849 2769 1028 2836 pugnaturum
1046 2779 1105 2816 erae
1121 2771 1153 2816 ut
1170 2763 1219 2816 ilia
1234 2762 1315 2817 dele-

231 2879 295 2916 rem.
341 2863 367 2916 Ia
385 2863 468 2933 igitur
482 2871 571 2920 totana
587 2865 797 2934 Byrautiuorunr
808 2883 908 2937 -opue,
932 2873 1068 2938 quaterue
1089 2867 1120 2919 in
1137 2866 1191 2920 boe
1208 2869 1313 2938 oppido

108 2993 112 3002 ·
232 2969 303 3038 typia
316 2966 491 3034 enerihetun
502 2969 542 3022 ita
553 2967 749 3034 moderabitur,
767 2976 799 3022 ut
813 2969 931 3040 ainprlat
944 2969 1068 3040 plagulae
1082 2977 1314 3033 eorreetaa‚aute-

232 3087 313 3144 quam
340 3069 392 3124 auh
408 3073 514 3142 prelum
531 3074 732 3138 immittantur,
760 3071 797 3126 ad
814 3089 926 3126 examen
947 3081 1072 3143 revocet3
1097 3077 1177 3145 itque
1197 3082 1229 3125 ut
1246 3092 1314 3126 eon-

232 3183 304 3228 rtuna
324 3177 354 3230 in
372 3176 530 3230 accentihua
555 3185 584 3230 et
599 3173 792 3248 orthographia
814 3185 935 3230 terretur
957 3178 1027 3230 ratio
1045 3175 1158 3230 enrahit
1201 3178 1313 3231 Tenen-

232 3278 291 3330 dnrn
312 3285 401 3330 autom
417 3278 473 3332 ribi
489 3281 632 3348 proporuit
655 3295 714 3332 eam
730 3295 801 3354 quae
818 3279 884 3334 viria
900 3279 1038 3351 primariis
1047 3317 1055 3343 ,
1072 3279 1121 3352 qui
1135 3281 1313 3334 enmmaxirne

234 3395 342 3452 grauem
359 3381 445 3434 libror
459 3380 558 3453 edunt,
579 3383 689 3452 placuit
701 3382 763 3482 ⁸Ego
780 3399 855 3448 vero,
873 3384 898 3436 ai
917 3383 1025 3436 arbitrii
1041 3384 1097 3436 mei
1115 3392 1195 3448 erret,
1215 3384 1313 3454 vulga·

234 3501 290 3538 reru
311 3485 404 3556 potiar
423 3501 577 3548 narrantem,
595 3501 674 3558 quarn
688 3485 785 3540 Graeei
802 3485 886 3540 bodie
902 3494 1060 3560 aequantur.
1078 3490 1222 3557 Pertpeeta
1238 3495 1312 3540 certe

233 3595 339 3651 retest,
355 3585 451 3641 horum
467 3590 580 3642 maiorer
594 3588 648 3641 iam
658 3587 722 3642 iude
740 3607 757 3642 a
771 3589 878 3644 raeenlo
898 3590 931 3644 X.
951 3591 1040 3659 apieer
1055 3591 1128 3643 inter
1141 3591 1316 3644 authentum

234 3690 406 3760 appenninae,
423 3691 463 3744 ita
482 3699 516 3744 ut
533 3690 730 3761 pronuntiandi
746 3691 858 3744 modurn
872 3694 1054 3745 efformarent:
1079 3693 1173 3763 itaque
1188 3691 1238 3746 hor
1256 3693 1312 3744 rai-

204 3823 206 3827 ·
233 3801 289 3846 tuna
304 3793 405 3848 lihror:
422 3795 540 3860 Annam,
554 3795 685 3860 iiiaetanr,
708 3802 826 3848 ceterorr
843 3796 874 3848 in
890 3795 1048 3849 aeoentihur
1066 3795 1102 3849 ad
1112 3794 1312 3849 Alexandrino-

234 3913 290 3949 rum
308 3899 542 3968 grammaticorum
560 3915 676 3952 muonee
694 3915 835 3964 revooare,
854 3898 925 3953 rnihi
936 3898 1049 3971 quidem
1067 3917 1124 3954 uon
1136 3900 1191 3953 alia
1203 3898 1312 3952 ratione

233 4003 292 4054 fieri
310 4001 418 4056 vitiatur
438 4019 517 4076 quarn
540 4005 562 4056 ai
587 4005 617 4058 iu
640 4003 751 4058 Latinor
769 4005 883 4058 ultimae
900 4007 997 4059 aetatia
1018 4022 1081 4060 eura
1099 4003 1310 4075 orthographiae

233 4105 342 4160 modum
356 4108 485 4162 inducere
502 4109 622 4179 placeret
639 4125 654 4186 3
673 4125 726 4181 qno
748 4110 778 4164 in
796 4109 893 4166 Plauto
909 4108 1035 4165 recedere
1051 4109 1126 4164 neiat
1143 4109 1220 4164 toret
1238 4105 1312 4178 hp·
