2900 4792
809 16 927 124 ΙΙ*

530 218 749 298 adamnan.
1131 241 1186 304 xv

105 391 183 454 dum
207 387 294 454 edita
312 385 493 472 ¹⁶)e'qnod
513 385 540 450 si
557 391 601 452 ita
618 397 683 468 est,
700 409 913 474 quaecunque
935 391 971 454 in
994 389 1054 456 boc
1071 411 1188 476 genere

105 489 291 554 turtiniaco
325 488 527 572 antiquiora,
558 496 630 572 post
656 489 842 574 Philippum
870 489 1188 556 Thessalonicensem

105 589 236 674 scripte,
263 587 420 672 legimus,
443 587 507 650 alia
522 606 651 667 corona,
672 587 766 650 casius
784 590 906 652 mentio
926 590 1029 652 omnis
1044 591 1188 673 perierit,

103 687 338 772 comprehensa
361 686 460 750 inisse
492 707 622 774 nemore
641 695 699 748 est.
741 688 813 767 Qua
833 709 942 772 opera,
966 709 1062 773 quam
1081 689 1187 752 Tbeo·

104 787 186 850 doro
204 784 384 850 Decurioni
407 785 453 862 ι7)
471 783 648 868 inscripsit,
672 785 777 868 palam
798 794 847 848 est
865 807 939 849 eum
962 787 1187 872 potentiorum,
1308 821 1321 834 ι

103 885 221 968 quales
245 883 365 948 Paulus
387 881 591 946 silentiarius
616 882 885 968 Macedoniaque
902 887 1054 948 exconsul
1075 895 1186 966 erant,

103 1005 246 1070 quornm
268 983 407 1068 plurima
429 979 601 1066 colligebat
627 981 804 1066 poematia,
832 983 971 1046 favorem
995 993 1188 1068 aucupatum

105 1104 184 1146 esse.
215 1081 269 1143 Ex
290 1080 340 1145 bis
356 1079 490 1144 Paulum
502 1077 651 1146 laudibus
669 1101 736 1143 non
754 1082 919 1145 immeritis
933 1083 1072 1161 extollit,
1089 1092 1186 1166 atquc

104 1181 237 1244 clientis
257 1179 371 1242 officiis
388 1177 522 1246 comiter
536 1180 643 1243 colere
666 1179 791 1242 ridetur
802 1181 856 1259 ι8).
905 1182 974 1244 Hoc
991 1183 1059 1268 ipso
1075 1182 1186 1261 Panlo,

103 1277 171 1342 nisi
190 1299 244 1341 me
261 1278 446 1342 coniectura
463 1277 592 1362 decipit,
613 1277 880 1362 Eutychianoque
898 1281 1037 1363 quodam
1052 1281 1185 1345 bostan-

104 1377 255 1458 tabnslll),
273 1385 402 1444 mortuo
412 1377 591 1440 Iustiniano
606 1376 795 1462 imperotorc
807 1378 866 1456 ²⁰),
887 1380 929 1442 ad
944 1379 1186 1444 bistoriamaevi

104 1477 155 1540 sni
173 1475 375 1540 scribendam
394 1475 535 1538 animum
553 1475 686 1538 adiecit=
709 1497 808 1560 qunna
826 1475 868 1538 ad
887 1477 1083 1562 trigesimum
1098 1486 1186 1541 certe

103 1575 217 1638 aetatis
233 1595 353 1636 annnm
368 1573 578 1658 pervenisset.
623 1573 729 1638 Credo
746 1583 852 1636 tamen
873 1594 945 1638 enm
960 1575 1018 1640 diu
1030 1576 1185 1660 colligen-

103 1673 154 1737 dis
184 1673 405 1738 tantnmmodo
439 1672 675 1736 narrationibus
709 1693 839 1757 operam
869 1673 1009 1740 dedisses
1047 1697 1186 1760 namque
1281 1688 1296 1721 ⁹

102 1793 183 1857 opus
211 1773 300 1857 qnod
325 1774 367 1838 ad
398 1794 456 1836 nos
478 1775 628 1858 persenit
655 1775 736 1840 adeo
757 1774 891 1860 exiguae
915 1773 1009 1837 molis
1036 1783 1103 1853 cst,
1133 1785 1186 1850 nt,

103 1893 206 1954 quum
223 1893 260 1934 es
281 1891 363 1956 quae
385 1872 426 1936 dc
439 1871 591 1936 Chcsrois
608 1874 696 1936 exitu
715 1881 884 1936 narrantur
904 1871 1083 1937 acciderint
1100 1893 1188 1935 anno

102 1973 193 2052 577„
223 1991 320 2034 nemo
346 1969 407 2034 sibi
435 1973 625 2058 persuadeat
649 1971 701 2038 illi
730 1971 965 2038 conscribendo
992 1972 1188 2036 decennium

104 2069 244 2152 potuisse
276 2068 435 2156 impendi:
473 2071 539 2132 imo
575 2092 615 2134 eo
651 2069 800 2157 amplius.
846 2073 929 2136 liam
955 2093 998 2134 ne
1025 2070 1086 2134 ista
1113 2071 1188 2154 qni·

103 2169 175 2230 dem
207 2167 248 2231 de
265 2169 435 2232 Persarum
454 2170 539 2255 regis
571 2171 646 2256 iuga
667 2181 700 2234 et
717 2180 820 2235 morte
842 2193 918 2234 mox
940 2178 1013 2255 post
1038 2179 1189 2234 erentnm

103 2265 221 2352 scripta
249 2287 336 2346 esse,
365 2268 533 2352 perspicue
561 2269 729 2352 apparebit
748 2268 965 2332 consideranti
982 2269 1047 2343 Ἃ).
1095 2265 1189 2328 Hand

102 2373 209 2427 tamen
231 2363 345 2430 debilis
369 2365 553 2430 coniectura
573 2373 639 2446 est,
667 2367 797 2450 qnando
809 2365 958 2450 Agathino
981 2365 1021 2429 de
1039 2363 1189 2428 Manrieii

101 2463 197 2548 gestis
216 2463 373 2542 narrabat,
395 2463 483 2528 bunc
502 2463 607 2528 adhuc
625 2463 785 2549 privatum
800 2464 913 2527 fuisses
934 2463 1055 2548 qnippe
1079 2483 1187 2546 qnam,

100 2563 221 2648 absqne
242 2563 309 2625 nlla
326 2563 442 2626 summi
460 2561 579 2646 fastigii
604 2567 925 2642 commemoratione,
955 2561 1048 2626 Pauli
1064 2560 1186 2635 lilium,

100 2665 285 2746 magistrum
297 2662 444 2738 militum,
468 2671 569 2726 vocat.
612 2662 649 2725 ld
667 2683 744 2726 vero
760 2662 802 2726 ad
819 2661 1031 2725 refellendam
1044 2659 1187 2724 Fabricii

100 2761 290 2846 opinionem
314 2761 493 2842 sufficeret,
524 2761 579 2844 qni
598 2760 659 2824 ribi
683 2768 882 2846 persuaserat
900 2759 1086 2844 Agathinm,
1120 2780 1185 2842 qno

100 2869 244 2944 tempore
268 2859 424 2942 Eragrins
451 2858 616 2922 historiam
636 2857 794 2937 absolsit,
830 2858 955 2922 seilicet
978 2877 1064 2920 anno
1091 2861 1183 2941 592,

100 2956 247 3020 nondum
267 2956 422 3021 edidisset
456 2965 488 3020 at
506 2957 580 3036 illa,
607 2957 787 3021 ac'enratins
806 2956 960 3040 inspectis
980 2955 1086 3020 verbis
1102 2978 1185 3039 quae

97 3056 148 3118 vir
167 3075 332 3139 nunqnam
351 3055 420 3118 sinc
434 3053 527 3117 laudo
548 3054 846 3119 commemorandus
864 3055 1068 3118 festinantius
1093 3053 1183 3138 legit,

98 3131 239 3238 ipedper
256 3173 290 3216 se
309 3153 452 3218 concidit
463 3155 520 3232 ²²).
549 3155 662 3239 ltaque
678 3152 846 3238 Agatbiam
857 3153 990 3216 Tiberio
1006 3153 1113 3216 adbuc
1132 3171 1184 3216 re·

98 3263 229 3336 gnantc,
239 3259 314 3316 ante
325 3273 446 3316 annum
457 3253 540 3332 582,
554 3275 619 3338 quo
640 3275 727 3316 anno
737 3253 911 3317 Mauricius
922 3253 1093 3338 imperium
1106 3253 1183 3316 ade-

98 3359 170 3436 ptus
188 3361 253 3432 est,
269 3372 300 3424 ,e
315 3353 381 3416 rita
398 3353 568 3418 decessisse
583 3353 730 3420 arbitror.
770 3351 852 3416 Nam
866 3353 958 3416 obitu
980 3353 1050 3416 eius
1063 3353 1183 3416 iactum

137 3552 180 3622 16)
193 3551 313 3607 Proerna
324 3565 351 3618 ρ.
365 3553 390 3605 ἃ
471 3552 513 3624 ¹7)
524 3552 550 3605 S.
560 3551 674 3622 Pataui,
693 3550 729 3604 de
745 3569 801 3624 quo
814 3551 906 3606 cilicie
922 3549 1033 3604 consule
1043 3550 1063 3600 Ι,
1074 3547 1181 3602 Gotho-

168 3621 272 3674 iredurn
289 3619 324 3675 ad
343 3619 373 3672 C.
391 3617 446 3676 Tb.
459 3621 502 3673 VL
520 3627 562 3678 aii.
585 3640 605 3676 ι.
624 3623 660 3675 11.
677 3637 704 3694 p.
725 3623 784 3676 126.
858 3620 1023 3692 re)11istV.
1039 3637 1064 3688 o
1082 3637 1183 3689 pepp.

170 3691 214 3762 ις)
239 3693 359 3746 erasm.
388 3705 414 3759 p·
441 3707 464 3758 7·
490 3695 515 3746 8·
586 3692 632 3765 ao)
657 3691 729 3745 ibid.
752 3707 779 3758 p.
802 3709 840 3744 rr.
920 3694 966 3760 as)
987 3691 1057 3743 Hist.
1075 3689 1119 3741 IV.
1138 3707 1181 3758 ²9·

167 3780 193 3832 p.
205 3780 264 3831 apo.
345 3759 390 3832 aa)
404 3759 503 3812 Locnm
515 3763 595 3830 posui
609 3765 682 3818 inter
692 3762 856 3816 testimonia.
891 3759 981 3813 Verba
997 3763 1024 3813 sl
1034 3763 1084 3812 secl
1095 3758 1181 3832 μήπω

167 3833 268 3899 ἔτυχον
292 3827 478 3888 ixdedsosdrec
496 3831 530 3883 ad
550 3833 694 3904 scriptores
721 3849 789 3902 qnos
808 3832 992 3884 nominaverat
1010 3831 1104 3885 referri
1125 3847 1180 3880 non

168 3909 298 3970 wisunt:
318 3915 389 3971 quoe
403 3901 426 3951 si
437 3899 541 3968 Evagrii
556 3917 633 3956 mene
651 3909 736 3965 esset,
754 3903 858 3954 ratione
875 3901 1006 3964 iubente,
1030 3901 1182 3970 scripsisset

167 3971 369 4042 τυγχάνουσιν.
406 3971 475 4023 Sunt
492 3973 540 4023 illa
558 3975 669 4026 omnino
687 3971 833 4034 mendosa,
858 3979 888 4024 et
905 3974 1009 4041 nescio.
1023 3989 1078 4044 qna
1097 3969 1132 4022 de
1151 3985 1180 4019 re
1294 3999 1302 4017 t

169 4040 374 4114 interpretanda
387 4057 457 4162 «puae
470 4041 596 4095 Mauricii
614 4045 736 4097 animum
753 4039 862 4097 morere
874 4043 996 4113 potuerit
1009 4051 1042 4094 ut
1062 4039 1179 4110 supplici

167 4115 222 4184 regi
235 4113 370 4168 auxilium
408 4119 541 4182 enegarat.
