2900 4792
284 95 362 153 rro
732 95 944 164 icimur
1037 179 1041 185 ⁸

134 248 417 338 Δ.Ὼ.5541αι’τερον
430 247 606 334 dromedae
621 258 686 328 rote
701 261 887 338 στρατηγοῖς
904 248 963 338 τὴν
978 251 1129 342 ἐπήλασεν
1146 255 1203 318 τού
1221 255 1363 340 Μερμε-

172 333 223 384 M*
236 334 363 433 ²⁸pdou.
383 348 474 414 ε’νάον
492 346 550 436 γάρ
569 346 616 414 ἔτι
633 353 668 417 ἔτι
686 353 743 416 τού
760 355 893 436 στρατοῦ
909 353 945 438 τῇ
962 351 1088 438 άρπαγῇ
1101 351 1285 436 ἐγκειμένων
1302 353 1367 416 καί

274 445 333 510 ούκ
356 447 523 531 ἀνιέντων,
544 450 747 535 ἐπιφοιτῶσιν
776 447 896 536 ἀθρόον
921 447 951 514 οἱ
985 453 1124 535 Πέρσαι,
1156 449 1211 514 καὶ
1232 449 1363 534 όλέγοος

274 549 334 628 μὲν
352 546 462 612 αύτῶν
485 546 682 614 ἔκτεινον·οἱ
708 552 744 616 δὲ
777 542 869 616 ἄλλοι
898 554 1049 638 δρομαϊοι
1076 547 1210 636 έφογον,
1238 549 1293 614 κατ’
1316 547 1360 634 δὴ

272 647 461 724 ἐξαπιναίως
482 647 685 714 ε’σπιπτονσιν
709 643 771 716 άνά
786 647 822 715 τό
848 645 1057 737 στρατόπεδον
1085 647 1141 728 ξύν
1164 651 1284 735 οἰμωγῇ
1302 649 1383 722 καὶὅ

272 743 402 834 θορύβῳ
409 796 419 827 ,
440 745 484 823 ῶς
502 742 642 823 ἅπαντας
666 751 926 836 ξανταραχθῆναι
944 751 989 836 τῷ
1005 751 1172 838 αι’φνιδέηι,
1195 748 1250 814 καί
1272 751 1360 836 πέρα

199 847 334 918 Morari
358 849 490 930 μετρίου
519 848 737 927 δειμαίνοντας
764 852 798 926 ές
826 847 996 934 ἀπαγωγήν
1028 851 1296 931 μετανίστασθαι.
1326 845 1362 911 οἱ

273 944 310 1007 δὲ
326 942 500 1030 οτρατηγοέ,
523 935 627 1032 (aduro
644 945 703 1032 γάρ
721 947 831 1024 αύτοῖς
849 951 883 1023 ἐς
896 945 1040 1036 φάλαγγα
1057 946 1074 1012 ό
1092 943 1227 1034 στρατός
1246 946 1359 1013 ἐτετά-

268 1046 380 1131 χατο)
402 1042 540 1121 δεδιότες
565 1045 621 1111 καὶ
642 1045 676 1110 οἳ
694 1043 740 1131 μη
760 1049 872 1134 σφέσιν
895 1048 934 1111 ού
958 1049 1263 1132 παρεσκευασμένοις
1285 1049 1362 1112 ἑπι-

272 1151 380 1208 αταΐεν
391 1140 421 1207 οἱ
438 1141 607 1231 βάρβαροι,
627 1144 859 1236 περιεφρόνονν
874 1148 934 1228 μέν
949 1142 986 1211 τά
1007 1143 1159 1232 πρότερον
1170 1147 1406 1230 dorp-‘ibrum

273 1243 333 1306 οάκ
349 1238 436 1326 εἶχον
462 1246 498 1309 δὲ
514 1240 542 1325 ό,
561 1270 593 1310 τι
602 1243 658 1308 καί
671 1247 815 1330 γένοιντο·
838 1237 910 1310 ούτε
924 1241 983 1331 γάρ
1000 1245 1240 1330 βουλεύσασθαι
1248 1247 1361 1324 ου’τοῐς

272 1340 425 1426 περὶτῶν
444 1340 607 1428 παρόντων
632 1339 651 1407 ό
679 1339 791 1428 καιρός
813 1347 956 1410 ἐνεδίδου
983 1341 1040 1408 κατ’
1064 1339 1100 1410 τό
1131 1335 1193 1429 ἤδη
1220 1368 1361 1410 καταπε-

272 1443 419 1523 πλῆχθαι
434 1437 492 1516 τοὶς
509 1442 645 1524 γνώμας.
662 1439 768 1520 εύθύς
787 1437 846 1507 oda
863 1435 995 1528 ἄραντες
1010 1443 1045 1508 έκ
1064 1446 1123 1509 τού
1144 1441 1271 1526 πεδίου,
1301 1443 1364 1508 κατ’

272 1533 399 1603 ἅπαντα
431 1537 617 1623 ἐπαγόμενοι
644 1538 683 1605 τά
717 1539 953 1628 στρατεύματα,
990 1530 1110 1631 η’ύχοντο
1138 1543 1271 1627 ἀγεννῶς
1300 1542 1362 1608 καὶ

271 1633 437 1720 ἀκόσμως,
458 1636 515 1702 καὶ
541 1637 580 1702 ού
599 1633 750 1725 πρότερον
768 1635 946 1705 ἐπαύσαντο
974 1645 1116 1723 θέοντες,
1144 1644 1218 1728 πρίν
1243 1643 1276 1717 ές
1297 1639 1374 1726 τὴνι
1381 1659 1403 1722 5

271 1737 382 1821 Νῆσον
397 1737 534 1802 ἱκέσθαι.
554 1730 669 1803 άπεστι
688 1737 763 1824 δ’έῆ
789 1743 896 1824 Νῆσος
912 1735 971 1824 ἥδε
995 1741 1161 1828 Τηλέφεως
1182 1742 1272 1804 πέντε
1286 1739 1357 1822 μά-

270 1842 364 1900 λιστα
381 1836 609 1922 παρασάγγαις.
630 1835 789 1924 τοσαύτην
807 1831 871 1923 άρα
892 1839 921 1903 οἱ
936 1849 1073 1922 γενναῖον
1089 1835 1275 1925 αύθημερόν
1294 1861 1359 1902 πο-

243 1936 361 2022 Βρεέαν
376 1934 540 2020 διήνυσαν,
562 1933 705 2004 ῶαύτατα
724 1934 923 2022 πεφευγότες.
944 1934 1084 2024 ἔστιγὰρ
1103 1935 1120 2001 ό
1137 1934 1356 2023 παρασάγγης,

269 2036 315 2114 ῶς
328 2039 389 2119 μέν
400 2031 568 2125 Ἥροδότιρ
578 2039 668 2101 δοκεῖ
679 2035 735 2100 κατ’
744 2034 932 2124 Ξενοφῶντι,
947 2033 1115 2122 τριάκοντα
1127 2036 1250 2118 στάδια,
1260 2033 1303 2111 ῶς
1316 2039 1355 2102 δὲ

268 2140 328 2203 νύν
336 2127 464 2219 Ἴβηρες
477 2137 532 2198 καί
553 2135 682 2220 Πέρσαι
697 2131 908 2222 φασίν,ε’νὲνι“
920 2133 1006 2224 μόνην
1024 2138 1086 2201 τῶν
1100 2131 1198 2199 εἴκοσι
1213 2137 1401 2213 nisenam

267 2233 378 2313 Λαζοί
401 2236 437 2299 δὲ
462 2229 543 2299 ούτω
564 2236 625 2316 μὲν
652 2233 709 2298 καί
731 2235 826 2299 αὐτοὶ
852 2233 1077 2317 όμολογούσιν,
1106 2233 1144 2298 ού
1164 2230 1229 2318 μὴν
1249 2236 1284 2299 δὲ
1308 2237 1355 2323 argi

267 2331 398 2417 ὀνόματι
411 2336 570 2419 χρῶνται,
591 2331 672 2398 ἀλλά
695 2325 883 2408 ἀναπαύλας
903 2335 1053 2414 καλοῦσι,
1071 2333 1135 2414 καί,
1155 2329 1253 2414 οἶμαι,
1269 2328 1357 2396 εἰκό-

341 2470 364 2506 ι.
381 2450 536 2516 ἔπιήλασιν
553 2451 580 2503 lt
652 2453 678 2504 8.
698 2449 713 2504 δ
735 2447 891 2522 στρατηγός
909 2452 939 2504 R.
982 2469 1006 2520 9.
1028 2453 1355 2524 nupaoaeuaqueroaell.

341 2541 381 2576 ra.
399 2512 430 2573 τό
449 2524 478 2575 ll.
498 2522 578 2595 (cl),
598 2521 638 2589 τῷ
656 2524 729 2644 vulp.
801 2539 841 2576 ao.
860 2521 892 2574 ἐν
912 2519 1072 2574 mutandum
1085 2540 1141 2574 non
1165 2539 1222 2576 ease
1239 2521 1356 2576 docebit

337 2591 432 2646 Iudex.
503 2610 545 2645 ar.
564 2592 601 2644 orl
615 2587 675 2663 μῆν
692 2591 711 2643 d
740 2621 777 2632 -
794 2593 914 2644 καλοῦσι
930 2609 982 2658 orn.
998 2593 1027 2644 ll.
1040 2601 1068 2645 et
1081 2595 1167 2662 Intpr.

267 2689 369 2743 aenaim
390 2701 420 2738 ae
438 2693 607 2755 receperunt.
636 2684 783 2738 Theodoro
801 2693 892 2738 tamen
910 2687 985 2738 locut
1004 2703 1060 2738 non
1078 2696 1137 2738 erat
1155 2693 1260 2739 mature
1277 2704 1356 2739 nun-

267 2757 357 2813 tiandi
377 2759 538 2828 praefectis,
556 2756 734 2808 Mermeroem
753 2757 902 2808 imminere.
918 2815 921 2822 ⁴
937 2756 1082 2808 Nonnulli·
1102 2759 1176 2810 enim
1194 2757 1283 2810 adbuc
1301 2773 1354 2809 ex-

266 2838 309 2883 tra
338 2837 424 2881 matra
449 2829 560 2898 rapinae
587 2827 699 2878 intentio
724 2843 814 2897 neque
838 2827 1034 2880 desistentibus
1056 2828 1151 2881 Peraae
1173 2835 1284 2896 repente
1303 2845 1355 2879 su-

265 2900 445 2972 perveniunt3
464 2907 492 2952 et
508 2898 656 2951 nonnullos
685 2897 796 2967 quidem
821 2913 914 2949 eorum
939 2896 1117 2963 obtruncant3
1139 2899 1240 2970 reliqui
1259 2901 1356 2950 conci-

265 2971 366 3026 tatiore
383 2988 460 3022 curru
479 2969 614 3037 fugientes
633 2967 757 3020 celeriter
777 2984 837 3020 cum
863 2969 982 3019 tumultu
1007 2969 1164 3050 eiulatuque
1190 2969 1219 3020 iu
1244 2970 1355 3020 enerci-

266 3051 325 3096 tum
343 3049 442 3103 ruunt,
467 3039 535 3092 adeo
554 3047 586 3090 ut
606 3054 698 3090 omnes
717 3037 862 3108 repentino
880 3046 953 3090 motu
973 3038 1124 3106 perturbati
1144 3047 1172 3092 et
1189 3055 1269 3106 aupra
1287 3055 1356 3090 mo-

266 3114 332 3165 dum
350 3110 534 3182 expavefacti,
552 3111 758 3160 recessioneme
777 3108 870 3159 caetris
890 3109 1013 3161 iecerint
1056 3109 1188 3162 Praefecti
1205 3125 1268 3160 vero
1287 3109 1355 3178 (ne-

266 3201 322 3257 que
339 3184 413 3235 enim
433 3181 522 3232 adhuc
541 3181 627 3230 aciem
646 3177 816 3248 ordinarant)
836 3187 987 3231 metuentes
1006 3179 1097 3242 etiam,
1116 3195 1151 3232 ne
1170 3177 1277 3232 barbari
1297 3180 1356 3230 im-

265 3263 375 3326 paratae
405 3253 604 3319 opprimerent,
631 3266 701 3320 quae
721 3257 802 3299 antea
827 3257 926 3301 statuta
944 3257 1029 3311 erant,
1046 3250 1241 3319 neglexerunt,
1259 3265 1355 3320 neque

295 3324 334 3376 rid
354 3321 463 3375 consilii
482 3329 610 3389 caperent
628 3319 759 3372 sciebant.
796 3317 891 3388 Neque
910 3321 981 3371 enim
999 3327 1104 3388 tempus
1122 3319 1355 3373 deliberationem

266 3343 301 3448 db
318 3391 399 3446 rebus
417 3390 607 3461 praecentibus
623 3389 800 3452 admittebat,
818 3405 907 3459 neque
929 3391 986 3458 ipsa
1005 3391 1156 3442 animorum
1169 3389 1356 3461 perturbatio.

265 3466 349 3517 Motia
362 3463 445 3532 igitur
460 3460 604 3512 confestim
622 3476 637 3511 e
657 3477 751 3528 campo
769 3459 872 3523 castris,
890 3460 1029 3511 universus
1049 3461 1182 3512 exercitur
1200 3462 1230 3510 in
1242 3469 1354 3527 turpem

267 3534 526 3603 incompositamque
549 3532 640 3598 lugam
664 3547 693 3582 ae
720 3531 870 3595 convertit3
897 3547 987 3600 neque
1015 3539 1094 3582 antea
1120 3549 1136 3582 a
1154 3531 1217 3600 iuga
1234 3528 1353 3582 destite-

269 3614 348 3668 runt,
373 3619 454 3674 quam
480 3601 514 3653 ad
532 3601 651 3652 insulam
673 3599 868 3670 pervenissent.
913 3601 1002 3652 Dictat
1025 3610 1115 3653 autern
1139 3599 1207 3652 haec
1224 3601 1317 3651 Insula
1335 3619 1353 3654 a

218 3701 223 3717 ·
268 3673 387 3749 'felepbi
409 3673 531 3744 quinque
557 3687 687 3722 summum
716 3669 886 3739 parasangi23
913 3677 1019 3721 tantum
1045 3671 1151 3724 itineris
1177 3673 1281 3722 streuui
1306 3671 1353 3722 illl

267 3746 321 3800 viri
346 3745 426 3796 unior
446 3743 503 3795 diei
523 3743 611 3811 spatio
638 3739 814 3792 coniecerunt
830 3740 969 3791 celerrime
988 3750 1132 3794 curreutes.
1170 3739 1283 3793 Constat
1300 3759 1354 3792 au-

268 3825 326 3868 tem
340 3831 499 3883 parasanga,
516 3820 549 3864 ut
566 3811 677 3883 quidem
694 3809 833 3862 Herodoto
853 3819 881 3862 et
899 3811 1074 3881 Xenophonti
1101 3813 1208 3880 placet,
1234 3811 1354 3880 triginta

268 3884 381 3948 stadiis,
404 3892 436 3935 ut
462 3899 525 3936 vero
544 3899 617 3934 nune
635 3881 709 3933 iberi
726 3889 755 3932 et
772 3881 866 3932 Persae
883 3881 988 3946 volunt,
1008 3899 1063 3934 uno
1083 3891 1189 3936 tantum
1207 3897 1289 3950 cupra
1307 3883 1355 3934 vi-

269 3956 346 4027 ginti.
388 3954 462 4006 Idem
484 3953 609 4006 sentiunt
628 3961 658 4005 et
680 3951 759 4018 Lazi‘3
791 3967 963 4022 nequaquam
983 3961 1073 4006 tamen
1106 3970 1138 4005 ea
1163 3952 1354 4022 appellatione
1415 3955 1416 3970 ¹

269 4033 393 4090 utuntur,
411 4025 460 4090 aed
477 4023 660 4088 ἀναπαύλας,
677 4019 730 4077 boc
748 4030 790 4075 est
808 4025 970 4090 mansiones,
987 4031 1092 4092 vocant,
1111 4032 1139 4077 et
1156 4039 1217 4078 mea
1235 4022 1355 4095 quidem
