2900 4792
248 227 333 332 346
571 259 605 320 a.
635 251 829 320 melna
858 255 995 322 sorta

323 412 404 493 rag.
421 409 474 476 66.
493 413 550 478 lin.
566 413 597 474 6.
620 423 707 496 (ιτς),
728 413 772 491 4.]
798 407 937 490 eorda,
964 407 1019 474 roi
1032 413 1238 497 purpqpopri'r
1261 406 1320 475 ούκ

240 486 330 558 ύνίει.
353 496 481 556 Homer.
500 494 541 556 λλ.
562 497 595 574 β.
610 493 774 578 ’Θερσίτης
799 495 831 558 δ’
845 489 891 556 ἔτι
905 495 1021 574 μοῦνος
1041 487 1232 580 α’μειροεαῆς
1250 495 1320 558 ἐκο-

240 572 328 655 aaa,
357 576 418 640 boc
433 588 501 655 est,
530 573 692 661 ἐθορύβει,
715 577 993 658 tumultuabatur,
1030 580 1221 661 nullumque
1247 599 1319 640 ver·

239 663 357 725 borum
378 663 474 723 linem
501 662 646 723 faciebat.
702 663 784 723 Nam
818 662 861 722 ita
889 671 976 724 recte
1001 663 1143 744 explicat
1169 662 1319 744 Agathino

240 743 444 807 Homericum
467 744 548 806 illud
560 743 726 806 Thersitae
743 746 908 830 epitheton
928 735 1132 828 ύμετροεπής.
1193 746 1251 808 liu.
1267 747 1318 810 25.

228 830 275 904 .[l.
292 835 352 909 ι9.]
365 821 456 906 θυμοὶ
474 823 590 905 ὁμιλῶν
602 825 640 914 τῇ
654 823 799 910 θηρικλεί
825 873 834 891 .
875 827 979 906 Haec,
1008 835 1041 889 ct
1058 826 1282 912 praecedentia
1299 848 1318 888 a

239 913 355 977 tinae.
372 911 480 991 [l.17.]
496 911 536 972 ab
549 909 599 972 his
610 909 715 972 verbis
734 909 767 984 ir
783 889 842 993 γύρ
854 904 893 972 τύ
912 903 1040 988 θαύματα
1058 911 1100 972 nd
1120 909 1199 972 baec
1215 930 1319 992 usqne

240 993 362 1069 rerba,
383 993 439 1060 lin.
460 997 509 1057 tr.
525 995 618 1072 mo,
635 994 677 1067 5.]
697 989 779 1058 ἀλλά
792 993 852 1077 γάρ
869 1003 932 1054 etc.
948 993 1054 1055 omisit
1066 995 1216 1070 Persona,
1237 1013 1320 1057 con..
1360 1019 1365 1024 ·
1437 991 1438 996 ’

239 1079 326 1140 auito
345 1075 502 1154 arbitror,
527 1087 562 1138 ut
581 1097 692 1160 parum
709 1098 729 1137 a
744 1099 778 1138 se
795 1077 971 1139 intellecta.
1004 1075 1219 1160 lnterpolator
1232 1075 1319 1159 ng·-

239 1161 325 1226 lbiae
351 1160 385 1219 in
416 1159 477 1223 hac
501 1159 542 1221 de
571 1159 693 1221 Uranie
716 1162 898 1223 narratione
927 1157 1027 1220 multa
1058 1179 1125 1222 esee
1151 1158 1261 1222 vitiata
1286 1165 1320 1220 et

237 1242 353 1306 mutila
368 1251 519 1319 testatur,
548 1263 630 1326 quae
655 1243 752 1306 nimia
778 1243 940 1328 prolixum
954 1242 1095 1306 loturum
1119 1243 1216 1304 fuisse
1240 1240 1321 1304 dicit

239 1326 345 1388 omnia
363 1335 526 1398 retexere;
557 1326 734 1389 adscribam
750 1333 894 1406 uatum,
923 1325 1048 1408 inquit,
1080 1325 1177 1391 rerba
1191 1325 1319 1408 pluton·

237 1411 342 1471 lorum
365 1409 480 1482 (eredo
498 1409 573 1470 addi
589 1409 707 1470 debere
723 1419 886 1487 cerritum)
908 1429 991 1491 quae
1011 1429 1078 1470 uuo
1097 1409 1171 1470 looo
1186 1409 1319 1470 desuntt

137 1501 167 1554 V.
185 1515 324 1578 unoquae
351 1493 483 1574 quidem
511 1493 588 1553 dum
617 1491 716 1551 latine
735 1494 846 1571 vertit,
881 1492 1071 1576 prudentiae
1090 1512 1161 1553 meo
1187 1488 1320 1573 quidem

236 1575 356 1639 indicio
378 1576 517 1649 fecisset,
536 1575 563 1635 si
582 1593 654 1636 cnm
672 1573 744 1635 aliis
757 1577 915 1638 sexcentis
936 1575 1015 1636 loeis
1031 1573 1242 1656 praeterisset,
1265 1593 1321 1634 nc·

236 1680 300 1741 qne
319 1656 483 1739 attigisset.
529 1657 608 1717 llam
630 1656 718 1739 quod
735 1657 818 1718 illud
842 1654 934 1736 θαμὰ
953 1651 1072 1734 ύμιλούν
1095 1658 1135 1740 τῇ
1151 1651 1320 1740 θηρικλείῳ

236 1741 485 1824 interpretatur,
500 1740 689 1824 frequenter
709 1759 780 1800 cum
792 1761 906 1822 proma
922 1739 1026 1802 condo
1042 1741 1241 1822 colloquens,
1265 1738 1318 1798 ni-

235 1823 295 1885 mie
313 1832 362 1885 cet
374 1822 525 1884 frivolum
547 1843 584 1884 ac
604 1821 764 1903 putidum.
815 1822 946 1884 Felellit
965 1823 1059 1884 illurn
1075 1821 1226 1884 articulus
1246 1821 1320 1882 foe-

235 1906 375 1968 mininos
396 1905 436 1988 τῇ
461 1905 662 1989 praepositus
679 1905 752 1967 roei
775 1903 952 1990 θηρικλείῳ.
1001 1906 1188 1968 Foeminenn
1208 1905 1318 1988 itaquo

234 1988 375 2071 aliquam
392 1989 564 2071 significari
584 1997 683 2067 ratus,
704 1987 785 2070 legit
795 1986 974 2074 θυριιιλεύρι,
995 1989 1156 2070 vertitque
1170 2005 1319 2071 promam

232 2070 376 2136 condam.
405 2093 490 2154 quaa
512 2081 617 2133 tamen
638 2090 720 2146 vox,
749 2071 775 2134 ei
802 2073 901 2155 proba
922 2081 1026 2146 esset,
1059 2071 1240 2133 ianitricem
1259 2086 1317 2150 po·

133 2157 297 2228 mattiae
312 2155 526 2236 signiticaret,
544 2175 642 2238 quem
662 2173 731 2214 eam
752 2177 833 2236 quae
851 2153 952 2217 cellae
968 2154 1109 2215 vinariae
1132 2173 1240 2214 euram
1258 2173 1335 2234 ρε-Ι

230 2239 293 2316 rit,
314 2239 402 2319 quod
420 2238 578 2300 muliebre
591 2238 735 2298 officium
752 2237 835 2321 apud
851 2245 975 2300 veteres
995 2237 1091 2298 fuisse
1110 2255 1317 2338 nequapuam

208 2373 211 2378 ,
229 2321 432 2408 probaveritz
454 2341 514 2405 ego
535 2321 640 2402 itaque
659 2343 725 2381 non
744 2316 930 2403 θυρικλείιο,
953 2320 1008 2382 sed
1029 2319 1069 2403 τῇ
1083 2319 1248 2403 θρρικλειῳ
1265 2321 1316 2380 le-

188 2472 191 2476 „
230 2403 371 2488 gendum
390 2424 470 2482 esse,
494 2413 529 2464 ut
545 2403 640 2463 habel
659 2425 748 2465 meus
766 2404 877 2465 Codex
896 2381 965 2482 MS,
981 2411 1167 2465 constanter
1178 2402 1315 2478 affirmo,

231 2496 265 2550 el
284 2486 536 2548 subaudiendam
557 2506 625 2547 esse
650 2507 761 2548 vocem
779 2484 891 2547 aditus.
932 2485 1023 2550 Venti
1041 2489 1168 2569 itaque,
1200 2485 1317 2546 Tlseri-

230 2569 330 2637 oleum
348 2569 497 2654 poculum
510 2569 700 2652 frequenter
719 2570 770 2630 ori
792 2569 985 2644 admonens,
1021 2569 1107 2646 sive,
1127 2566 1316 2652 frequenter

230 2665 442 2714 contrectans:
466 2651 606 2734 eleganti
628 2651 724 2732 plane
745 2649 978 2732 significatione
994 2651 1084 2714 verbi
1103 2647 1234 2730 ὁμιλεῖν.
1253 2651 1317 2711 Di-

96 2731 100 2738 ’
229 2735 362 2798 cebntnr
378 2741 484 2794 autem
510 2733 671 2797 veteribus
695 2735 903 2796 Thericleum
926 2736 1098 2816 poculum,
1126 2735 1264 2796 auritum
1282 2743 1316 2794 et

227 2815 1314 2976 tillut},lititltttlelilimililttillttit

228 2974 279 3044 ὅτι
294 2980 329 3043 δὲ
349 2978 437 3056 κύλιξ
453 2981 538 3044 ἐστίν
553 2923 899 3083 praestringimur
916 2922 1086 3066 ungemur
1110 2976 1312 3063 Θεόφραστος

227 3064 264 3128 ἐν
280 3063 319 3167 τῇ
336 3065 411 3148 περί
431 3063 540 3146 φυτῶν
560 3063 690 3148 ιοτορίᾳ.
728 3064 928 3146 διηγούμενος
953 3062 1012 3147 γὰρ
1038 3063 1112 3148 περὶ
1130 3059 1312 3145 τερμίνθου,

255 3168 305 3229 qur
324 3141 527 3228 τορνεύεσθαι
540 3145 683 3228 ἐξαύτῆς
698 3147 828 3221 κύλικας
843 3148 1053 3229 θηρικλείους.
1074 3149 1217 3211 Primum
1234 3168 1311 3210 vero

226 3169 343 3291 borum
358 3230 551 3312 poculorum
566 3231 766 3293 inventorem
779 3231 875 3293 fuisse
892 3231 1002 3293 scribit
1012 3231 1198 3293 Thericlem
1210 3249 1312 3311 quen·

125 3371 130 3379 ,
227 3313 301 3375 dom
314 3311 522 3374 Corinthium
542 3313 686 3396 ligulam,
708 3336 725 3374 a
746 3335 811 3396 qno
829 3323 862 3374 et
880 3315 999 3396 poculo
1018 3335 1145 3380 nornen.
1163 3313 1312 3376 Eustatlr.

227 3393 261 3456 in
278 3393 318 3455 ίλ.
332 3415 362 3456 o.
379 3396 532 3477 poculum
549 3396 612 3458 boc
629 3396 755 3476 ύιμενῶς
772 3399 920 3480 usurpari
943 3398 1072 3460 solitum
1097 3395 1225 3472 scribit,
1248 3397 1311 3478 θη-

226 3476 361 3560 ρίκλειος
372 3478 496 3541 scilicet
509 3487 541 3538 et
557 3479 742 3561 θηρίκλειον.
765 3489 802 3541 ut
814 3473 946 3543 omniuo
961 3476 1090 3542 necesse
1105 3481 1145 3542 sit
1158 3480 1190 3540 in
1208 3479 1310 3563 priori

226 3560 411 3639 subaudiri,
437 3556 541 3634 κύλιξι
572 3563 605 3622 in
625 3561 812 3645 posteriori,
834 3559 987 3645 ποτήριον.
1038 3564 1119 3624 Vult
1140 3571 1246 3624 autem
1266 3564 1310 3623 ita

226 3643 347 3705 dictum
363 3646 415 3709 rel
440 3643 480 3703 ab
494 3643 628 3706 authore
651 3645 822 3720 Theriole,
849 3647 901 3708 vel
925 3644 1014 3731 quod
1043 3643 1164 3727 θηρίων
1184 3645 1313 3728 μορφαὶ

225 3720 311 3811 αύτῷ
335 3724 547 3787 ἐνετυαοῦντο.
578 3729 667 3810 quod
687 3730 827 3789 ferarum
857 3729 976 3812 figurae
995 3729 1028 3790 in
1059 3729 1099 3790 iis
1126 3723 1311 3790 efformatae
1437 3773 1438 3804 ρ

224 3817 351 3870 esseut:
372 3799 395 3888 ἢ
413 3802 496 3868 διότι
511 3808 616 3891 θῆρας
633 3813 741 3871 κλονεῖ.
769 3809 939 3874 σπένδουσι
955 3810 1013 3892 γὰρ
1037 3812 1110 3871 καθ
1128 3808 1232 3871 αὐτῶν
1253 3809 1310 3872 αύ-

223 3891 286 3965 λιξι
303 3886 475 3963 τοιαύταις.
513 3891 579 3954 Sed
598 3894 638 3955 de
653 3893 702 3954 bis
715 3893 788 3976 plus
807 3895 889 3956 eatis.
933 3895 1017 3955 lllud
1034 3894 1140 3956 obiter
1157 3895 1308 3972 rnouebo,

222 3972 296 4034 loeo
322 3973 481 4034 Athenaei
505 3975 567 4036 iam
591 3977 687 4037 citato
711 3997 780 4058 pag.
808 3977 883 4038 edit.
906 3978 997 4040 Basil.
1023 3981 1093 4038 aba.
1111 3977 1168 4037 lin.
1186 3979 1235 4060 39.
1260 3979 1309 4038 le.

222 4046 407 4139 gendumor’
421 4063 496 4137 γαΐα
520 4056 673 4137 κεραμῑτί,
694 4080 731 4118 σε
753 4058 904 4139 θηρικλῆς
924 4081 995 4122 ποτε
1015 4055 1127 4128 ἔτευξε.
1182 4061 1239 4122 lin.
1255 4079 1307 4141 ²9·
1437 4117 1438 4132 ,

222 4141 307 4218 1150,
333 4149 370 4216 ι.]
389 4133 593 4222 ἑωλοκρασία.
621 4143 718 4205 Potus
735 4144 791 4226 qui
811 4143 913 4206 multo
928 4154 1000 4206 ante
1019 4143 1131 4206 mistus
1148 4143 1214 4206 sire
1228 4152 1305 4206 tcm-
