2900 4792
232 218 319 300 326
687 240 897 308 scamna

87 411 155 474 M.
172 393 365 477 558παντός,
392 395 476 460 άλλά
503 395 595 476 μόνον
621 393 709 480 ἀμφὶ
733 392 773 458 τά
802 385 884 480 dispo
900 393 956 460 aad
973 392 1010 458 τό
1033 399 1236 479 μεσαίτατον,
1258 395 1315 462 καὶ

134 483 185 546 U
196 485 357 578 32μείζοσι
372 497 497 574 δεσμοῖς
513 491 782 580 περισφήιξαντες,
803 495 954 575 ξυνήπτον
972 486 1118 578 ἀλλήλαις
1140 494 1238 571 αὐτάς
1258 494 1314 560 κατ’

232 594 451 681 ξυνεμήινυον,
482 595 554 661 λίαν
571 597 606 658 ἐν
625 595 695 680 χρῷ
707 594 931 674 πεπιεσμένας,
952 592 996 668 οἷς
1011 603 1093 680 τρεῖς
1110 591 1207 678 τυχόν
1222 589 1314 678 daei

202 692 356 772 ceterisve
376 695 408 768 ἐς
424 693 505 774 μίαν
520 686 741 756 ἀποτελεῖσθαι
764 691 905 774 σχεδίαν,
925 685 1018 777 εὖρος
1040 689 1174 776 ἔχουσαν
1195 686 1312 778 άρκοῦν

233 789 313 877 πρός
331 785 457 876 deipsis
475 789 633 875 τεττάρων
651 787 814 873 ὑποδοχήν
836 792 891 854 καὶ
905 791 1049 873 ἐπίβασιν
1057 841 1074 880 ,t
1088 786 1142 854 καὶ
1160 791 1203 876 τῷ
1214 791 1331 872 βάθει5

229 894 263 970 ἐς
285 894 432 956 τοσοῦτον
458 891 692 974 διϊκνουμάνην,
714 891 747 964 ἐς
768 886 841 953 ὅσον
863 892 970 976 φέρειν
985 887 1120 972 βεβαάος
1143 887 1184 952 τό
1209 880 1311 974 ἄχθη,

230 993 285 1060 καί
302 991 342 1076 τῇ
359 984 519 1072 λεπτότητι
534 985 580 1072 μή
596 989 821 1052 καταδύεσθαι.
860 985 1007 1062 τοιαύτας
1030 984 1068 1072 δή
1087 978 1142 1053 οὖν
1164 985 1201 1050 οὖ
1220 996 1310 1068 μεῖον

229 1080 251 1172 ἦ
272 1087 458 1174 πεντήκοντα
473 1086 529 1151 καὶ
547 1082 659 1151 ἑκατόν
678 1083 878 1170 ἐτεκτήναντο
899 1086 1035 1168 σχεδίας.
1078 1087 1121 1164 ὡς
1137 1079 1177 1152 ds
1194 1089 1230 1152 δὲ
1249 1085 1310 1150 eai-

229 1177 293 1264 τοῖς
319 1189 539 1272 πλωλμιότεραι
566 1179 646 1268 εἶεν,
678 1183 708 1250 οἱ
730 1187 765 1250 δὲ
790 1184 830 1250 τά
857 1181 1034 1271 ἒμπρόσθια
1060 1183 1178 1251 τοάτων
1203 1185 1309 1272 ήρὲμα

228 1281 307 1370 πρός
331 1283 372 1371 τό
387 1289 545 1371 μετέωρον
565 1286 599 1360 ἐς
621 1284 752 1371 πρώρας
778 1282 877 1358 τόπον
895 1282 1132 1370 περιαγαγόντες
1156 1283 1212 1348 καὶ
1227 1284 1351 1349 άπο-ιο

232 1384 415 1467 κάμψαντες
441 1384 497 1450 καὶ
521 1369 629 1472 Ιὥσπερ
654 1378 839 1470 άκροοτόλια
870 1381 924 1449 καὶ
940 1385 1118 1470 προὲμβολα
1136 1385 1309 1468 ἐκμιμησά-

231 1507 338 1566 μενοι,
359 1487 541 1571 κωπνμήρας
564 1485 618 1570 ἐφ’
635 1480 766 1573 ἑκατέρᾳ
784 1483 904 1575 πλευρᾷ
921 1483 977 1556 καί
996 1477 1061 1562 οἷον
1076 1481 1309 1572 παρεξειρεσιλις

230 1582 431 1663 αὐτομάτους
447 1577 696 1668 ἐμηχανήσαντο.

203 1699 229 1762 p
312 1679 367 1762 τά.
410 1678 480 1744 Καὶ
498 1679 604 1744 τοίνυν
624 1675 725 1756 οὕτως
750 1682 866 1746 ιε’καοτα
889 1679 933 1757 ὥς
949 1675 1014 1746 οἷόν
1037 1703 1071 1744 τε
1089 1671 1129 1764 ήν
1148 1677 1253 1756 αὐτοῖς
1273 1680 1308 1744 ἐν

228 1783 273 1868 τῷ
290 1773 433 1864 α’σφαλεῖ
448 1777 737 1864 καταστησάμενοι,
767 1780 879 1864 ἐνῆκαν
895 1778 1018 1856 ἁπάσας
1033 1783 1071 1867 τῇ
1091 1779 1232 1868 θαλάττῃ
1248 1783 1348 1847 ica-15

224 1881 347 1965 θραίως
381 1871 467 1963 ἀμφὶ
494 1876 551 1964 τήν
578 1875 725 1966 ἑσπερίαν
749 1883 806 1944 τοῦ
825 1877 940 1944 κόλπου
957 1874 1073 1964 άκτήν,
1101 1881 1156 1944 τοῦ
1170 1878 1247 1963 πρὸς
1267 1880 1307 1964 τῇ

225 1975 316 2067 Αἴνιρ
339 1981 377 2064 τῇ
403 1974 491 2042 πόλει
514 1983 771 2065 περιαγνυμένοα·
823 1976 976 2062 ἐμβάντες
999 1976 1038 2062 δή
1063 1972 1121 2044 adv
1142 1981 1176 2044 ἐν
1197 1978 1307 2054 αὐτοῖς

225 2067 338 2160 ἇνδρες
354 2079 387 2152 ἐς
405 2073 600 2160 ἓξακοσιόυς,
626 2079 683 2142 κατ’
705 2075 792 2144 πτόα
816 2077 860 2154 οἷς
883 2083 1013 2143 πλεῖστα
1031 2085 1099 2154 ταῖς
1120 2076 1308 2156 ἑπικαλαμί-

227 2198 279 2239 σιν
298 2173 584 2260 ἐντροπωσάμενοι,
615 2176 670 2242 καί
681 2177 896 2263 ἀμαθέστερόν
916 2202 983 2252 ποις
1002 2173 1101 2264 ταύτῃ
1120 2179 1307 2264 ἐρέττοντες,

225 2270 373 2359 ἀνήγοντο
394 2271 436 2352 ὥς
452 2275 609 2348 α’πωτάτω
630 2280 688 2362 τῆς
702 2279 838 2366 χέρσου,
868 2277 1092 2357 ἐξωπλισμένοι
1110 2299 1144 2342 τε
1165 2267 1204 2340 ed
1215 2274 1346 2355 μάλααο

225 2372 283 2447 ,καὶ
308 2371 388 2460 πρός
409 2371 445 2438 τὸ
474 2372 598 2460 ἐνεργόν
634 2373 804 2461 ἑστηκότες.
853 2371 934 2440 οὕτω
960 2371 1019 2461 γάρ
1043 2365 1136 2464 ᾤοντο
1162 2374 1306 2458 πελάγιοι

295 2512 319 2546 a.
334 2491 423 2552 astar
441 2493 580 2559 ἀλλήλους
599 2495 661 2568 (sic)
678 2499 708 2548 R.
771 2499 795 2550 3.
813 2497 1007 2566 συνεμίγνυεν
1023 2495 1093 2564 vulg.
1152 2494 1227 2562 aspi
1237 2493 1303 2562 ῥάιλ.

293 2565 322 2620 ἐς
338 2578 397 2628 τοσ.
417 2568 463 2625 a,
483 2566 511 2622 ἐς
528 2578 588 2624 τοο,
606 2567 643 2636 τῷ
660 2566 724 2633 eds.
743 2568 813 2635 vulg.
883 2584 908 2635 9.
927 2563 1118 2638 πλωλμότεραι
1140 2563 1200 2616 edd.
1265 2583 1303 2617 aa.

294 2638 507 2703 προεξειρεσιπς
526 2630 631 2688 suida.
650 2653 673 2687 v.
770 2639 808 2704 ¹4·
827 2635 858 2688 ἐν
875 2631 905 2688 τά
924 2633 982 2722 sph.
1001 2637 1055 2686 Par.
1136 2637 1177 2693 ro.
1193 2634 1225 2706 τῇ
1243 2633 1304 2688 ἅνω

294 2707 324 2754 R.
388 2709 646 2777 εμπεριαγομένον
663 2709 718 2759 Par.
791 2723 833 2760 ao.
852 2702 983 2768 ιῖποτατω
1001 2705 1029 2756 a.

225 2831 254 2883 et
270 2822 386 2875 restibus
411 2823 527 2896 lanaque
552 2834 644 2897 carpta
669 2826 823 2897 colligatis,
845 2833 930 2879 crates
946 2824 1097 2893 complures
1118 2822 1304 2894 coniecerunt;

223 2900 281 2945 tum
290 2910 352 2945 vcro
367 2897 477 2963 perticis
493 2898 523 2949 in
535 2898 643 2967 longum
656 2900 796 2968 porrectis,
809 2905 937 2966 tanquam
947 2897 1016 2965 iugis
1031 2911 1062 2945 ac
1074 2895 1196 2946 transtris
1213 2901 1304 2946 trans-

224 2965 321 3015 vcrsim
338 2967 542 3033 superiniectis,
559 2987 615 3020 non
639 2977 772 3036 perpetua
796 2969 882 3029 serie,
907 2965 954 3018 sed
977 2969 1082 3015 tantum
1099 2965 1169 3015 circa
1182 2971 1305 3018 extrema

223 3035 338 3103 ipsaque
350 3037 439 3091 nodia
453 3041 580 3100 cratium,
598 3039 802 3108 maioribusque
825 3037 938 3089 vinculis
956 3051 1000 3086 cas
1018 3035 1213 3104 circumligatas
1231 3035 1304 3089 inter

223 3123 253 3155 se
279 3107 485 3161 committebant
505 3118 533 3160 ct
552 3109 730 3177 coaptabant,
749 3108 826 3160 valde
848 3115 919 3158 arcte
940 3121 1122 3173 compressas,
1141 3107 1180 3155 ita
1198 3113 1229 3155 ut
1248 3115 1304 3158 tres

223 3174 294 3230 forte
316 3186 363 3228 avit
388 3187 505 3248 quatuor
524 3197 605 3233 unam
625 3179 773 3230 naviculam
799 3179 947 3236 efficerent,
969 3174 1116 3226 latitudine
1134 3175 1303 3244 satisampla

223 3244 257 3306 ad
272 3255 387 3315 quatuor
402 3258 520 3304 sectores
537 3249 736 3318 excipiendum,
757 3265 843 3318 caque
865 3245 1061 3318 profunditate,
1084 3252 1114 3296 ut
1132 3244 1300 3312 ponderibus

223 3317 357 3384 impositis
371 3325 430 3369 tuto
443 3319 574 3370 vehendis
588 3337 637 3387 pac
655 3326 735 3380 esset,
753 3328 781 3369 ct
795 3335 859 3386 prae
874 3317 1008 3368 tenuitate
1020 3333 1075 3366 non
1091 3313 1301 3384 demergeretur.

222 3386 378 3440 Istiusmodi
393 3388 486 3458 itaque
500 3391 637 3440 naviculas
651 3390 793 3440 minimum
810 3395 916 3438 centum
932 3386 1127 3460 quinquaginta
1143 3395 1303 3438 construxe-

221 3465 294 3510 runt.
322 3455 359 3518 Ut
375 3474 437 3510 vero
455 3461 622 3528 navigationi
638 3461 757 3529 aptiores
777 3465 875 3519 essent,
897 3457 1045 3508 anteriores
1061 3473 1150 3506 carum
1164 3466 1255 3524 partes
1273 3459 1303 3508 in

221 3543 318 3594 prorae
339 3529 456 3595 speciem
472 3530 571 3582 leniter
595 3530 826 3585 circumducentes
854 3533 882 3579 at
903 3545 937 3578 ue
960 3533 1150 3588 recurvantes,
1170 3535 1198 3578 et
1216 3527 1302 3578 veluti

221 3598 351 3659 acroteria
369 3615 400 3648 ac
417 3600 525 3667 pluteos
547 3601 654 3652 navales
676 3600 831 3660 imitantes,
852 3545 964 3650 sedimus
983 3613 1016 3646 cx
1032 3604 1148 3666 utroque
1171 3596 1256 3650 latere
1274 3606 1302 3651 et

220 3665 305 3723 veluti
322 3677 482 3736 spontaneas
498 3671 629 3741 qarasdam
640 3668 865 3736 adremigationes
885 3677 948 3719 sunt
958 3667 1111 3718 commenti.

291 3753 331 3792 aa.
369 3738 437 3789 Cum
460 3741 551 3810 itaque
578 3743 607 3792 in
633 3739 705 3792 hunc
721 3738 829 3789 modum
848 3747 907 3790 tuto
931 3739 1020 3789 omnia
1038 3737 1114 3802 ipsis,
1133 3737 1223 3805 quoad
1240 3739 1299 3789 ficri

220 3811 334 3870 poterat,
353 3819 443 3860 essent
461 3821 627 3879 comparata,
649 3813 785 3861 universas
804 3808 941 3860 naviculas
960 3807 1076 3858 latenter
1101 3808 1169 3856 mari
1193 3809 1301 3860 immit-

219 3881 290 3934 tunt,
314 3877 383 3934 circa
402 3881 569 3933 occidentale
587 3883 662 3932 ainus
680 3881 767 3940 littus,
783 3880 829 3949 qui
846 3881 949 3930 devium
961 3877 1056 3928 urbem
1073 3893 1163 3928 versus
1183 3879 1300 3940 circum-

219 3945 313 4012 agitur·
351 3949 465 4016 Ingressi
486 3953 577 4021 itaque
597 3969 640 4002 cas
659 3953 710 4001 viri
729 3952 866 4012 sexcenti,
886 3957 914 4001 et
931 3949 1021 4015 paleas
1040 3947 1247 4016 quamplurimas
1269 3951 1299 4000 in

218 4013 381 4077 secundinum
400 4024 585 4075 commissuras
606 4021 798 4082 immittentes,
824 4037 853 4072 ac
873 4019 1027 4086 imperitius
1046 4017 1244 4086 quodammodo
1266 4037 1299 4070 ea

219 4099 252 4146 ex
272 4095 349 4152 parte
368 4090 537 4160 remigantes,
552 4092 708 4159 longissime
729 4109 743 4142 a
761 4099 831 4142 terra
850 4089 969 4161 provecti
990 4095 1062 4149 suut,
1081 4088 1183 4155 optimc
1202 4090 1299 4142 armati

219 4162 248 4219 et
271 4153 304 4220 ad
330 4175 397 4227 opus
417 4164 512 4243 parati.
554 4161 688 4215 Putabaut
711 4163 784 4216 cuim
808 4179 836 4213 sc
862 4160 899 4212 ita
917 4159 1016 4211 sensim
1035 4161 1064 4209 ia
1086 4174 1158 4224 auare
1180 4168 1297 4224 evectus,
