2900 4792
247 193 335 298 344
563 225 600 287 e.
630 221 825 293 mananti
855 223 995 298 uorsa

137 425 139 432 ·
245 378 297 442 lta
318 375 594 459 veteresglasaaez
616 374 778 459 Διφθέρα,
800 369 996 457 τὸβιβλιόη
1018 375 1255 456 membranum,
1275 397 1335 440 co-
1442 373 1443 414 ³

246 461 321 526 dea.
343 459 538 523 Continebst
547 481 623 522 sero
637 461 691 521 laic
699 459 804 522 codex
817 481 943 536 eorum,
958 459 1017 542 qui
1030 470 1094 522 tam
1113 461 1226 523 civiles
1236 481 1337 542 quam
1442 465 1443 470 ’

247 544 404 609 militares
419 543 590 625 dignitates
600 543 875 621 administrabant,
891 543 1031 622 nomina,
1051 565 1172 626 genus,
1195 545 1338 626 insignia
1442 573 1443 604 l

249 639 283 691 et
299 626 477 711 stipendia,
497 648 571 689 cum
588 627 788 710 magistratus
807 626 966 690 codicillis
987 635 1020 688 et
1035 627 1221 710 principum
1242 647 1337 688 man-
1442 633 1443 710 f

249 712 342 776 datis.
384 714 419 773 Ia
435 710 539 772 codex
553 719 665 794 postea
680 710 830 772 laterculi
854 710 984 770 nomine
1001 718 1050 772 est
1073 710 1272 792 appellaturis
1299 716 1340 772 ut

248 803 282 858 et
297 793 464 856 Cedrenus
484 789 628 856 πληθῶν
641 803 736 855 vocat
753 815 773 854 a
787 791 999 856 similitudine
1014 789 1167 855 videlicet
1183 804 1215 854 at
1232 793 1340 854 formu
1442 815 1443 855 ι

246 877 357 941 lateris
376 876 469 941 cocti.
493 876 767 958 quemadmodum
782 887 815 938 et
830 876 907 938 olim
923 875 1097 959 pugillum
1115 899 1133 938 a
1147 873 1341 958 triangulari

247 963 354 1028 forma
366 960 408 1023 ad
423 960 636 1022 imitationem
651 961 762 1021 literae
776 961 817 1038 A,
833 958 945 1022 As'lroa
958 967 991 1022 et
1009 955 1147 1021 detrusti
1160 958 1269 1039 βιβλία
1284 957 1338 1018 di·
1442 983 1443 1010 ι

249 1054 301 1108 cta
317 1046 460 1106 fuerunt.
501 1044 585 1104 Huic
611 1063 690 1106 vero
712 1041 819 1104 codici
840 1042 989 1104 laterculi
1014 1061 1130 1104 nomeu
1149 1041 1209 1104 sub
1232 1042 1338 1102 Anto·

247 1127 335 1189 ninia
354 1127 494 1189 inditum
511 1127 584 1188 fuit.
623 1125 847 1188 Tertullianus
859 1125 957 1201 enim,
974 1124 1031 1208 qui
1054 1146 1092 1186 aa
1119 1132 1220 1188 aetate
1238 1123 1338 1199 vixit,

250 1231 349 1293 agens
366 1211 521 1273 adversus
535 1208 793 1286 Valentinianos,
809 1207 865 1270 ubi
882 1208 1027 1290 loquitur
1043 1207 1083 1270 de
1101 1207 1267 1268 animabus
1278 1227 1341 1266 na-

250 1304 323 1355 tura
342 1293 455 1372 bonis,
482 1313 562 1376 quae
576 1292 774 1356 Valentinus
788 1290 896 1354 beatas
918 1311 986 1354 esse
1008 1290 1180 1353 statuebat:
1208 1289 1266 1352 Ex
1286 1311 1339 1350 ea·

250 1399 340 1454 rum,
361 1377 488 1459 inquit,
509 1376 665 1437 laterculo
685 1389 716 1436 et
736 1378 771 1436 irs
791 1395 879 1455 reges
899 1387 928 1436 et
950 1375 984 1435 in
1004 1373 1185 1436 accardum
1199 1373 1340 1452 allegare

250 1474 465 1526 consueverat.
506 1460 583 1521 Erat
600 1479 678 1519 vero
697 1459 890 1520 laterculum
911 1458 979 1519 sive
997 1458 1102 1518 codex
1119 1458 1189 1533 ille,
1210 1456 1250 1517 de
1271 1476 1339 1536 quo

250 1544 408 1621 diximus,
430 1541 481 1605 vel
510 1541 770 1602 membranaceus
797 1541 851 1601 vel
871 1540 1054 1602 membrana
1085 1539 1238 1602 obtectus.
1292 1539 1341 1598 lta
1442 1553 1443 1588 1

250 1626 409 1707 Hispani,
430 1625 516 1708 apud
531 1622 614 1706 quoi
632 1623 730 1686 hodie
752 1623 852 1683 multa
873 1631 999 1685 exstant
1018 1622 1219 1705 antiquitatis
1239 1621 1340 1682 reati-

251 1707 304 1788 gia
325 1717 359 1767 et
375 1709 540 1788 praeclara
559 1715 781 1786 monumenta,
802 1707 947 1768 codicem
975 1705 1235 1782 vetustissimum,
1250 1703 1342 1766 unde

252 1790 304 1850 illi
331 1789 526 1850 familiarum
548 1809 623 1850 suae
643 1789 750 1872 gentis
776 1787 978 1872 genealogias
1005 1797 1140 1871 petunt,
1169 1785 1339 1849 vocantEl

252 1872 336 1933 lilrro
357 1871 408 1934 del
437 1873 585 1939 Beserro.
613 1873 703 1955 quod
730 1872 815 1934 idem
840 1883 889 1933 est
911 1881 1009 1952 atque
1032 1870 1173 1952 διφθέρα
1194 1871 1259 1933 sire
1282 1892 1342 1932 co·
1442 1949 1443 1954 η

251 1957 315 2020 dex
330 1954 598 2021 membranaceus.
635 1957 735 2018 Recte
749 1963 854 2016 autem
873 1954 1113 2037 Etymalogicus
1133 1958 1275 2018 Gruecus
1293 1953 1342 2016 ds-

251 2037 378 2122 φθέραν
416 2038 647 2121 interpretatur
687 2043 918 2121 γραμματεῖον,
949 2026 971 2118 ἢ
998 2035 1122 2114 βιβλίον
1148 2027 1169 2118 ἢ
1209 2035 1342 2116 βύρσαν.

250 2122 399 2183 Putidam
422 2143 520 2200 vero,
542 2132 580 2183 ut
601 2123 635 2182 in
657 2122 730 2184 aliis
755 2121 866 2182 multis
890 2120 1079 2218 vocabulis,
1114 2121 1341 2204 etymologiam

250 2205 373 2282 adfert,
397 2204 516 2266 dictam
539 2203 700 2288 διφθέραν
728 2204 819 2287 quasi
847 2203 1025 2286 δυοφὲραν,
1046 2224 1103 2284 την
1134 2205 1252 2276 ἐντοῖς
1281 2197 1342 2264 dria

251 2287 362 2368 μέρεσι
380 2285 541 2370 φέρουσαν
550 2279 735 2369 γράμματα.
777 2289 834 2347 lin.
843 2286 1036 2364 40.[126‚8.]
1047 2284 1110 2347 cair
1127 2277 1264 2368 Ὀλόρου.
1276 2288 1341 2346 An·

252 2371 378 2431 notavit
399 2371 487 2433 huuc
501 2373 608 2432 locum
623 2370 704 2432 olim
721 2369 901 2431 Hadrianus
925 2370 1036 2431 lunius
1057 2369 1112 2430 lib.
1129 2369 1343 2430 Animadver-

250 2474 359 2512 sorum
375 2455 490 2534 primo,
506 2455 561 2515 ubi
577 2455 692 2515 merito
707 2452 803 2514 nimis
817 2458 916 2533 quam'
929 2452 1101 2514 ridiculam
1117 2451 1344 2535 Christoplrari

249 2535 410 2598 Personae
426 2537 606 2599 versionem
622 2536 771 2620 exagitat.
787 2537 829 2598 Et
846 2547 933 2597 recte
951 2545 1048 2616 caput
1061 2535 1145 2596 illud
1161 2535 1251 2597 hisce
1267 2556 1343 2596 rcr-

249 2617 299 2679 bis
320 2619 457 2680 claudit=
478 2620 556 2680 libri
569 2625 733 2681 materiam
745 2621 835 2679 nasci
846 2621 925 2678 milri
936 2618 1044 2692 uideo,
1065 2621 1094 2679 si
1108 2633 1245 2695 cunctas,
1260 2638 1342 2698 quae
1442 2643 1443 2668 ι

249 2703 285 2761 in
300 2721 336 2759 eo
353 2702 483 2764 authore
498 2703 609 2775 latent,
622 2701 752 2762 mendas
767 2721 880 2762 sanare
895 2703 949 2762 uel
960 2702 1070 2763 saltem
1083 2703 1177 2763 stibio
1193 2701 1343 2763 inducere

248 2783 364 2844 velim:
386 2784 478 2844 cuiue
498 2784 560 2845 viri
578 2783 642 2846 lsoc
665 2784 737 2846 loco
754 2781 980 2846 authoritatem
1001 2784 1207 2868 interponere
1227 2784 1342 2862 libuit,

250 2873 288 2925 ut
307 2864 490 2947 intelligant
505 2865 658 2930 malevoli
671 2867 801 2950 quidam
818 2865 968 2929 homines
987 2876 1020 2929 et
1036 2867 1133 2929 alieni
1151 2867 1269 2928 laboris
1282 2867 1344 2929 ob·

250 2955 436 3009 tractatores
456 2947 669 3032 iniquissimi,
685 2971 782 3032 quarn
796 2971 909 3031 parum
929 2950 1026 3011 huius
1047 2951 1230 3030 interpretis
1248 2949 1346 3011 varai·

251 3051 313 3093 one
331 3031 456 3093 adiutus
471 3034 598 3096 luerim.
639 3035 696 3099 lin.
710 3035 749 3097 50
758 3033 858 3109 [l.16.]
867 3027 902 3094 τὸ
914 3025 1085 3114 ἀκραιφνὲς
1100 3031 1271 3094 instruaris
1281 3055 1344 3093 πα-

249 3111 349 3179 λαιῶν
368 3109 529 3192 ὀνομάτων
544 3114 735 3198 ἐλευθέριον.
757 3108 866 3178 Ηῑιάι.’
877 3115 991 3177 lunius
1009 3115 1064 3182 lib.
1081 3124 1112 3176 et
1126 3116 1229 3198 capite
1246 3117 1344 3176 modo

234 3197 353 3258 .citatis
370 3198 459 3260 hunc
483 3199 592 3261 locum
611 3199 656 3259 ita
670 3199 785 3260 vertit:
808 3201 864 3284 qui
884 3201 966 3260 enim
974 3267 981 3283 .
982 3197 1062 3280 fieri
1080 3202 1194 3281 potuit,
1211 3212 1245 3258 ut
1259 3220 1345 3282 pura
1442 3207 1443 3232 ¹

247 3280 306 3340 illa
326 3294 469 3344 veterum
486 3284 647 3342 nominum
665 3282 819 3354 libertas,
846 3304 944 3366 quac,
968 3284 1095 3355 [omitto
1119 3301 1224 3343 rerum
1248 3295 1345 3342 natu·

248 3371 347 3437 ram,)
363 3367 559 3449 cumprimis
576 3377 623 3425 est
630 3365 779 3449 proficua
796 3377 826 3424 et
836 3379 1028 3450 opportuna,
1046 3367 1080 3426 in
1088 3367 1206 3444 agresti
1221 3377 1251 3425 et
1267 3367 1345 3428 bar-

247 3445 326 3506 bara
344 3447 453 3527 lingua
478 3449 707 3508 conservetur?
730 3449 868 3509 alienius
895 3449 992 3530 paulo
1009 3469 1116 3510 cuma
1139 3457 1246 3508 mente
1263 3449 1345 3529 Aga·

247 3523 353 3602 thiae,
374 3537 444 3590 tum
461 3551 537 3590 vero
555 3553 573 3590 a
595 3530 790 3613 proprietate
813 3545 926 3592 vocum
950 3531 1232 3594 Graecaniosrum.
1273 3530 1346 3611 Ego

247 3609 348 3669 malui
363 3621 504 3674 vertere:
526 3616 582 3698 qui
598 3613 771 3696 enimfieri
790 3627 927 3696 poterat,
944 3627 978 3674 ut
988 3615 1113 3698 puritas
1129 3613 1186 3674 illa
1201 3625 1346 3674 veterum

249 3695 409 3755 nominum
432 3709 463 3757 et
485 3699 598 3757 nativa
623 3697 749 3776 gratia,
772 3709 803 3756 et
826 3710 1012 3782 praeterea,
1042 3695 1215 3770 (namhoc
1236 3707 1287 3758 est
1307 3688 1345 3756 τὰ
1442 3745 1443 3774 ,

163 3783 193 3846 P.
201 3769 337 3855 letnpo'g
349 3796 398 3854 γε,
417 3779 584 3842 familiaris
597 3779 770 3840 admodum
781 3778 933 3862 Agathiae
944 3779 1081 3861 phrasis)
1091 3801 1195 3841 rerum
1204 3782 1348 3861 ipsarum

9 3916 10 3932 ρ
257 3869 389 3918 naturae
400 3882 572 3940 congruens
578 3907 592 3936 ,
615 3861 770 3944 valdeque
791 3861 1049 3935 accommodata,
1071 3865 1106 3922 irs
1127 3862 1244 3941 agresti
1270 3880 1366 3943 qua·¹

9 3948 10 3972 l
252 3939 325 4000 dam
347 3944 600 4026 ineptissimaque
612 3944 721 4025 lingua
738 3947 997 4007 conservaretur?
1013 3944 1048 4006 τὸ
1069 3943 1248 4024 ἐλευθέριον
1258 3943 1347 4004 enim

9 3998 11 4056 l
248 4023 317 4089 sire
333 4019 577 4106 s’levdapm'rqru
597 4027 812 4111 interpretor,
836 4049 901 4089 non
920 4029 1119 4097 libertatem,
1142 4029 1199 4088 sed
1220 4019 1278 4106 τὴν
1300 4020 1346 4106 μὴ

9 4145 16 4279 ἶ
249 4100 328 4176 κατὰ
362 4104 542 4194 κιβόἠλειαν
564 4103 702 4192 χάριτας
737 4111 802 4176 hoc
839 4119 887 4174 est
911 4112 1053 4174 naucum
1078 4111 1265 4192 minimeque
1283 4106 1348 4192 fu·
