2900 4792
214 148 294 233 οδε
665 164 874 234 AGATHtAE
1217 218 1225 247 ,

64 342 101 411 μ’
113 348 143 401 c,
153 347 202 401 555
210 334 296 411 μεθα
315 326 355 394 τό
371 320 522 411 ἆμείνυνα
543 323 597 389 καὶ
620 324 674 387 τοῦ
692 318 891 407 ἀνθρωπείου
915 318 1037 399 μᾶλλον
1064 315 1199 400 ἐχόμενα
1224 316 1299 401 τρό·

110 420 282 511 L¹·29710o,
302 429 365 493 τών
388 431 448 509 μέν
468 424 630 512 λοιδοριῶν
650 424 707 487 καί
726 417 989 505 κατηγορημάτων
1004 410 1092 500 όλίγα
1109 420 1298 503 φροντισαν-

211 554 280 611 τες,
301 530 375 613 περὶ
397 529 543 591 πλείστου
568 526 604 589 δὲ
622 520 828 607 ποιησόμενοι
847 515 906 601 τὴν
920 513 1086 601 σωτηριόιν.
1116 513 1298 599 Σωτήριχόν

214 652 250 693 τε
267 624 329 714 χόρ
346 624 567 707 ἀπεκτείναμεν
581 622 635 687 καί
649 619 724 698 τοῦς
743 614 813 701 ἅμα
827 618 916 703 αὐτῷ
934 619 967 691 ές
984 617 1076 681 τοῦτο
1092 610 1299 699 ἐληλυθότας,

212 726 257 802 ώς
272 721 311 791 όν
325 727 462 801 ἐκείνους
477 728 536 806 μὲν
555 724 728 803 τισαίμεθα
745 723 800 803 τῆς
823 714 950 791 ἀδικίας
956 766 967 797 ,
995 714 1102 779 πίστιν
1123 715 1159 778 δὲ
1175 706 1321 788 εῦκοίας5

180 821 422 912 Ββεβαιυτότην
444 826 570 889 ἐνθένδε
593 830 660 896 τοῖς
675 825 822 901 Πέρσαις
844 811 1098 903 παρασχόμενοι,
1124 808 1300 877 εὐκλεέστε-

213 950 271 1013 ρον
287 920 579 1010 προσχωρήσαιμεν.
594 918 665 985 ἐπεὶ
678 922 714 984 δὲ
728 914 849 983 τούτων
865 939 901 980 τε
917 912 1064 979 ἁπάντων
1085 908 1141 976 καί
1164 913 1301 993 μάλιστα

213 1024 272 1089 τοῦ
287 1023 448 1108 μηδισμοῦ
466 1025 554 1086 ἓνεκα
571 1016 628 1083 οῦκ
645 1012 799 1102 ῦνήσυυσι
813 1012 1055 1099 χαλεπαιῦοκτες
1079 1011 1110 1077 οἱ
1131 1008 1301 1092 Ῥωμαῖοι,

215 1122 297 1187 ἀλλὰ
317 1122 451 1204 τάχιοτα
462 1116 539 1203 ἡμῖν
556 1119 793 1196 ἐπιπεσοῦνται,
820 1113 875 1179 καὶ
894 1110 1052 1194 ἅπαντας,
1071 1110 1162 1196 τόγε
1180 1112 1216 1185 ές
1240 1109 1302 1173 αῦ-

215 1220 291 1299 υοῦς
305 1214 400 1307 ἧκον,
428 1220 659 1306 διαφθεροῦσι,
687 1216 839 1303 προσήκει
863 1215 902 1299 δή
921 1237 991 1296 σοι,
1011 1206 1039 1277 ai
1059 1212 1211 1297 στρατηγέ
1218 1260 1228 1290 ,
1248 1209 1346 1272 ‹li-ro

215 1319 338 1405 χεσθαί
358 1345 394 1385 τε
418 1316 503 1404 ἡμῖὶς
524 1318 661 1399 εὐμενῶς
682 1314 738 1380 καί
758 1313 948 1397 έπαμόνειν,
977 1315 1033 1396 τῆς
1049 1336 1084 1376 τε
1100 1309 1211 1397 χώρας
1228 1310 1303 1391 πέρι

218 1420 262 1495 σός
284 1418 400 1495 οἰκείοις
418 1414 560 1483 τολοιπόν
576 1419 632 1481 καί
650 1414 804 1499 κατηκόου
824 1412 865 1479 τό
885 1408 1082 1499 προσήκοντα
1098 1412 1305 1475 διανοεῖσθαι·

219 1515 327 1601 catut
343 1519 496 1602 περιϊδεῖν
514 1513 701 1600 οἰχήσεσθαι
716 1514 896 1577 κινδυνεῦον
909 1513 996 1595 γένος
1016 1505 1055 1574 οῦ
1067 1505 1219 1595 σμικρόν,Ι
1229 1505 1307 1570 otte

220 1609 358 1701 ἄσημον,
394 1610 475 1679 ἀλλὰ
500 1612 555 1679 καὶ
572 1610 719 1701 πλείστην
740 1606 816 1697 ’όσην
834 1606 991 1697 υόφέλειαν
1012 1612 1051 1697 τῇ
1074 1610 1214 1695 Περσῦν
1235 1609 1307 1671 ἐπι-

220 1716 347 1805 κρατείᾳ
368 1717 609 1801 προσφέρεσθαι
635 1710 840 1778 ἱκανώτατον.
876 1713 1019 1792 πολέμων
1055 1732 1092 1773 τε
1128 1706 1189 1792 γὰρ
1222 1705 1348 1791 ἧμῦςι5

220 1810 326 1899 ἴδριας
344 1805 435 1889 ’ὄντας
451 1814 644 1897 ἀμωσγέπως
665 1809 832 1898 εὖρήσοιτε
846 1802 905 1891 όν,
925 1809 981 1875 καί
994 1803 1214 1893 καρτερώτατα
1233 1810 1307 1883 ξυν-

125 1934 151 1993 ll·
162 1932 214 1988 121
222 1914 479 1997 αγωνιζομόνους,
500 1906 521 1997 ἦ
537 1936 571 1975 τε
581 1912 682 1997 χώρα,
702 1914 737 1977 έν
756 1912 917 1999 όπερτέριρ
932 1914 995 1975 τών
1017 1908 1155 1990 Κόλχων
1171 1905 1307 1986 κειμένη,

221 2009 382 2096 γενήσεται
398 2010 475 2092 ῦμῖν
489 2006 677 2098 ὁρμητήριον
690 2013 843 2098 ἀσφαλὲς,
859 2013 914 2075 καί
929 2006 995 2077 οἷον
1010 2006 1212 2089 έπιτειχισμα
1226 1998 1307 2065 κατυὶ
1323 1998 1330 2014 ’

223 2112 287 2176 τών
299 2109 487 2191 πολεμίων”.
525 2111 628 2177 ταῦτα
650 2112 686 2176 δὲ
701 2105 839 2187 όκοόσας
851 2108 868 2175 ό
882 2106 1091 2195 Ναχοραγόν,
1111 2098 1257 2190 προσίετό
1274 2122 1308 2164 τε

224 2207 341 2284 αῦτοός
356 2204 575 2291 ἀσμενέστατα
583 2262 593 2292 ,
615 2209 670 2275 καὶ
684 2209 790 2297 ἐπῄνει
806 2213 862 2295 τῆς
875 2207 1116 2291 μεταστάσεως,
1149 2202 1206 2269 κατ’
1221 2200 1352 2287 eat-20

225 2308 356 2396 ροῦντας
370 2310 450 2372 ἰέναι
463 2311 639 2392 ἐκέλευσεν,
661 2310 705 2387 cic
719 2312 774 2395 τῆς
786 2312 947 2396 Περσικῆς
960 2305 1143 2392 ἐπικουρίας
1155 2307 1190 2368 έν
1207 2304 1310 2368 δέοντι

224 2410 439 2491 τευξομένους.
474 2406 503 2471 οἱ
524 2411 584 2490 μὲν
602 2403 659 2475 οῦν
675 2412 821 2495 πρέσβεις
839 2412 873 2485 ἒς
894 2408 933 2473 τό
956 2408 1056 2472 οἶκεῖα
1078 2400 1312 2483 ἐπανελθόντες,

296 2545 322 2582 n.
340 2524 652 2596 κακηγορημιλτωνερλι.
673 2528 730 2579 Par.
802 2543 826 2595 η.
843 2526 971 2597 μάλιστα
996 2543 1050 2584 om.
1064 2528 1093 2577 R.
1163 2542 1192 2593 9.
1208 2521 1237 2580 u
1255 2536 1309 2573 om.

294 2594 493 2725 μούωυροῄδε
508 2600 538 2650 R.
620 2600 660 2653 15.
676 2598 849 2667 πολέμοντες
866 2600 896 2650 R.
951 2616 990 2667 ¹9·
1008 2611 1039 2648 τε
1056 2612 1109 2649 om.
1131 2595 1193 2648 Exc
1266 2608 1307 2645 ao.

228 2803 321 2869 tuerit,
344 2811 480 2858 statuere:
498 2805 605 2874 potiora
629 2814 658 2859 et
688 2804 814 2860 humanis
833 2806 956 2859 moribus
978 2804 1200 2859 convenientiora
1223 2802 1309 2871 clegi-

227 2892 302 2938 mua‚
328 2874 362 2927 de
390 2878 518 2929 conviciis
546 2885 574 2929 et
601 2876 837 2930 criminationibus
861 2896 959 2946 parum
979 2877 1107 2937 solliciti,
1135 2874 1308 2945 praecipuam

226 2960 288 2997 vero
308 2946 404 3000 salutis
421 2965 512 2999 curam
534 2957 664 3017 gerentes.
700 2946 770 2999 Nam
791 2956 820 2999 ct
840 2946 1009 3000 soterichum
1026 2945 1227 3007 interfecimus,
1245 2943 1309 3028 ‹pui-

226 3030 357 3083 quocum
377 3034 410 3067 co
432 3016 468 3069 ad
486 3016 538 3069 hoc
556 3024 700 3079 venerant,
727 3026 760 3068 ut
780 3018 889 3068 illorum
906 3017 1017 3086 quidem
1033 3016 1162 3067 iniuriam
1184 3015 1309 3068 vindicu-

225 3102 329 3149 temus‚
355 3086 512 3143 firmissimo
538 3104 602 3140 vcro
629 3087 681 3141 hoc
699 3088 760 3156 ipso
782 3088 853 3140 laeto
873 3087 1080 3139 benevolentiae
1104 3085 1244 3155 studiique
1264 3102 1308 3136 er-

225 3172 257 3276 ga
280 3156 370 3207 Persas
397 3165 555 3227 argumento
579 3158 677 3223 edito,
706 3159 850 3227 gloriosior
872 3157 1058 3209 desciscamur.
1099 3158 1171 3211 Cum
1186 3172 1252 3212 vero
1271 3154 1308 3207 oh

245 3242 291 3276 aec
324 3228 415 3278 omnia
443 3246 473 3278 ac
500 3230 646 3296 praecipue
679 3228 714 3279 ob
741 3229 924 3281 delectionem
951 3228 986 3280 ad
1015 3230 1105 3281 Persas
1135 3242 1308 3298 nequaquam

225 3293 339 3348 desituri
357 3295 413 3347 sint
429 3298 544 3349 llomani
561 3298 590 3349 id
606 3300 719 3350 moleste
739 3299 825 3361 ferre,
848 3297 898 3351 sed
926 3300 1155 3369 quamcitissime
1182 3316 1231 3349 nos
1253 3298 1310 3349 sint

224 3363 358 3431 invasuri,
378 3375 406 3419 ct
423 3368 582 3431 universos,
601 3377 733 3439 quantum
752 3370 811 3421 lieri
835 3369 869 3421 ab
886 3370 953 3439 ipsis
969 3373 1081 3439 poterit,
1106 3368 1248 3422 deleturi:
1267 3368 1310 3419 tui

225 3436 309 3489 officii
336 3444 394 3498 est,
419 3454 435 3487 o
463 3436 621 3501 Praesente,
650 3456 698 3489 nos
721 3438 840 3508 benigne
862 3444 988 3514 excipere
1007 3458 1039 3493 ac
1062 3457 1148 3509 propu
1185 3455 1231 3491 are
1245 3476 1254 3500 ‚
1281 3444 1310 3489 et

223 3523 272 3575 pro
287 3508 413 3575 regionis,
430 3514 463 3562 ut
479 3508 604 3575 propriae
623 3506 753 3579 deinceps
772 3519 801 3562 et
825 3510 961 3575 subditae,
979 3510 1067 3563 salute
1087 3526 1154 3561 enen
1204 3526 1238 3573 e,
1259 3524 1310 3561 ne·

225 3592 279 3644 que
303 3578 440 3645 negligere
460 3575 494 3627 de
518 3578 632 3631 interitu
652 3580 853 3648 periclitantem
873 3590 982 3647 gentem
1008 3599 1064 3635 non
1083 3596 1193 3649 parvam
1219 3592 1309 3646 neque

225 3644 383 3705 obscuram,
411 3645 459 3698 aed
481 3665 550 3720 quae
576 3652 719 3705 maximam
744 3651 893 3703 utilitatem
911 3651 1050 3704 Persarum
1066 3650 1182 3719 imperio
1203 3647 1309 3700 adferre

225 3716 318 3783 possit
355 3716 422 3767 Nam
442 3724 470 3768 et
487 3718 526 3767 rei
547 3718 664 3771 bellicae
685 3721 788 3789 peritos
813 3740 862 3773 nos
880 3723 961 3773 facilc
980 3723 1153 3791 comperietis
1170 3729 1199 3769 ct
1216 3718 1309 3768 sortis·

223 3786 292 3843 ¹,sime
312 3787 439 3839 societate
458 3786 599 3840 vobiscum
621 3790 690 3841 inita
709 3790 898 3859 proeliantes3
922 3794 1029 3863 eritque
1048 3792 1126 3842 vobis
1147 3790 1222 3840 loeus
1249 3788 1309 3855 ipse

225 3856 255 3905 in
281 3854 410 3911 ulteriore
434 3856 596 3910 Colchorum
616 3862 726 3930 regione
752 3862 820 3913 situs
847 3870 907 3916 tutu
927 3862 996 3913 belli
1024 3861 1121 3919 seiles,
1144 3858 1310 3925 irruptioni-

224 3924 275 3983 bus
295 3924 426 3978 faciendis
449 3928 609 3994 peridonea,
628 3949 659 3983 ac
689 3930 775 3982 veluti
796 3934 1028 3999 propugnaculum
1046 3929 1171 3980 adversus
1191 3927 1308 3979 hostes.'’

225 3994 297 4054 llaec
315 4015 376 4048 curn
395 3997 515 4049 audisset
533 4000 718 4070 Nachoragan,
730 3999 911 4053 libentissime
934 4017 980 4051 eos
999 4000 1114 4068 excepit,
1129 4006 1158 4048 et
1174 3998 1308 4049 deiectio-

225 4066 268 4131 μῦν
289 4067 433 4133 consilium
455 4068 593 4133 laudavit,
628 4072 785 4143 alacresque
812 4070 887 4123 abire
911 4072 1009 4145 iussit,¹
1036 4078 1066 4121 ut
1084 4068 1186 4131 Persica
1207 4067 1311 4133 annilig
