<?xml version="1.0" encoding="UTF-8"?>
<!DOCTYPE html PUBLIC "-//W3C//DTD XHTML 1.0 Transitional//EN"
    "http://www.w3.org/TR/xhtml1/DTD/xhtml1-transitional.dtd">
<html xmlns="http://www.w3.org/1999/xhtml" xml:lang="en" lang="en">
 <head>
  <title>
</title>
<meta http-equiv="Content-Type" content="text/html;charset=utf-8" />
  <meta name='ocr-system' content='tesseract 3.04.00' />
  <meta name='ocr-capabilities' content='ocr_page ocr_carea ocr_par ocr_line ocrx_word'/>
</head>
<body>
  <div class='ocr_page' id='page_1' title='image "./corpusscriptoru55theogoog/corpusscriptoru55theogoog_0397.png"; bbox 0 0 2900 4792; ppageno 0'>
   <div class='ocr_carea' id='block_1_1' title="bbox 447 245 1215 351">
    <p class='ocr_par' dir='ltr' id='par_1_1' title="bbox 447 245 1215 351">
     <span class='ocr_line' id='line_1_1' title="bbox 447 245 1215 351; baseline -0.014 -7"><span class='ocrx_word' id='word_1_1' title='bbox 447 275 730 344; x_wconf 72' lang='lat' dir='ltr'><strong>simonianos</strong></span> <span class='ocrx_word' id='word_1_2' title='bbox 760 279 798 342; x_wconf 84' lang='lat' dir='ltr'><strong>v.</strong></span> <span class='ocrx_word' id='word_1_3' title='bbox 817 287 872 351; x_wconf 73' lang='lat' dir='ltr'><strong>m</strong></span> <span class='ocrx_word' id='word_1_4' title='bbox 1129 245 1215 334; x_wconf 77' lang='lat'><strong>323</strong></span> 
     </span>
    </p>
   </div>
   <div class='ocr_carea' id='block_1_2' title="bbox 82 422 1348 2398">
    <p class='ocr_par' dir='ltr' id='par_1_2' title="bbox 82 422 1348 2398">
     <span class='ocr_line' id='line_1_2' title="bbox 127 422 1348 517; baseline -0.005 -18"><span class='ocrx_word' id='word_1_5' title='bbox 127 434 331 514; x_wconf 74' lang='grc' dir='ltr'><strong><em>σεσωσμένοι,</em></strong></span> <span class='ocrx_word' id='word_1_6' title='bbox 351 434 445 496; x_wconf 81' lang='grc' dir='ltr'><strong><em>τοῦτο</em></strong></span> <span class='ocrx_word' id='word_1_7' title='bbox 467 430 506 517; x_wconf 77' lang='grc' dir='ltr'><em>δὴ</em></span> <span class='ocrx_word' id='word_1_8' title='bbox 527 429 620 496; x_wconf 82' lang='grc' dir='ltr'><em>ἔδακε</em></span> <span class='ocrx_word' id='word_1_9' title='bbox 641 429 775 508; x_wconf 88' lang='grc' dir='ltr'><strong><em>πολλούς</em></strong></span> <span class='ocrx_word' id='word_1_10' title='bbox 793 433 855 496; x_wconf 84' lang='grc' dir='ltr'><strong>τών</strong></span> <span class='ocrx_word' id='word_1_11' title='bbox 872 431 908 496; x_wconf 73' lang='grc' dir='ltr'><strong>ἐν</strong></span> <span class='ocrx_word' id='word_1_12' title='bbox 927 428 1008 496; x_wconf 73' lang='grc' dir='ltr'><strong><em>τέλει</em></strong></span> <span class='ocrx_word' id='word_1_13' title='bbox 1029 432 1083 497; x_wconf 80' lang='grc' dir='ltr'><strong><em>καί</em></strong></span> <span class='ocrx_word' id='word_1_14' title='bbox 1098 422 1246 514; x_wconf 74' lang='grc' dir='ltr'><strong><em>η’νίασελ.</em></strong></span> <span class='ocrx_word' id='word_1_15' title='bbox 1258 437 1348 503; x_wconf 63' lang='lat' dir='ltr'><strong>Gis&amp;</strong></span> 
     </span>
     <span class='ocr_line' id='line_1_3' title="bbox 127 519 1306 619; baseline -0.004 -22"><span class='ocrx_word' id='word_1_16' title='bbox 127 534 240 619; x_wconf 80' lang='grc' dir='ltr'><strong><em>φθόνῳ</em></strong></span> <span class='ocrx_word' id='word_1_17' title='bbox 262 535 442 618; x_wconf 82' lang='grc' dir='ltr'><strong><em>ληφθέντας</em></strong></span> <span class='ocrx_word' id='word_1_18' title='bbox 464 533 519 596; x_wconf 76' lang='grc' dir='ltr'><strong><em>καὶ</em></strong></span> <span class='ocrx_word' id='word_1_19' title='bbox 536 531 710 619; x_wconf 72' lang='grc' dir='ltr'><strong><em>βασκανίᾳ,</em></strong></span> <span class='ocrx_word' id='word_1_20' title='bbox 745 531 877 596; x_wconf 89' lang='grc' dir='ltr'><strong><em>πάθεσιν</em></strong></span> <span class='ocrx_word' id='word_1_21' title='bbox 906 525 988 596; x_wconf 79' lang='grc' dir='ltr'><strong><em>ούτω</em></strong></span> <span class='ocrx_word' id='word_1_22' title='bbox 1018 531 1129 605; x_wconf 75' lang='grc' dir='ltr'><em>δεινοῖς</em></span> <span class='ocrx_word' id='word_1_23' title='bbox 1157 519 1306 593; x_wconf 66' lang='grc' dir='ltr'><strong>και“Ῑ’Ῑ·3α</strong></span> 
     </span>
     <span class='ocr_line' id='line_1_4' title="bbox 126 619 1305 714; baseline 0 -20"><span class='ocrx_word' id='word_1_24' title='bbox 126 629 181 694; x_wconf 79' lang='grc' dir='ltr'><strong><em>αἰεί</em></strong></span> <span class='ocrx_word' id='word_1_25' title='bbox 199 628 239 694; x_wconf 83' lang='grc' dir='ltr'><strong>τά</strong></span> <span class='ocrx_word' id='word_1_26' title='bbox 261 628 409 694; x_wconf 88' lang='grc' dir='ltr'><strong><em>κάλλιστα</em></strong></span> <span class='ocrx_word' id='word_1_27' title='bbox 430 633 679 711; x_wconf 75' lang='grc' dir='ltr'><strong><em>λυμαινομένοις.</em></strong></span> <span class='ocrx_word' id='word_1_28' title='bbox 710 629 866 714; x_wconf 71' lang='grc' dir='ltr'><strong><em>τοιγάρτοι</em></strong></span> <span class='ocrx_word' id='word_1_29' title='bbox 893 631 1055 711; x_wconf 80' lang='grc' dir='ltr'><strong><em>διέβαλλον</em></strong></span> <span class='ocrx_word' id='word_1_30' title='bbox 1080 625 1134 694; x_wconf 87' lang='grc' dir='ltr'><strong>τδν</strong></span> <span class='ocrx_word' id='word_1_31' title='bbox 1154 619 1208 692; x_wconf 80' lang='grc' dir='ltr'><strong>άν-</strong></span> <span class='ocrx_word' id='word_1_32' title='bbox 1216 638 1241 690; x_wconf 87' lang='grc' dir='ltr'><strong>Ρ.</strong></span> <span class='ocrx_word' id='word_1_33' title='bbox 1252 619 1305 694; x_wconf 76' lang='lat' dir='ltr'><strong>tat</strong></span> 
     </span>
     <span class='ocr_line' id='line_1_5' title="bbox 125 723 1216 814; baseline -0.001 -22"><span class='ocrx_word' id='word_1_34' title='bbox 125 732 189 813; x_wconf 87' lang='grc' dir='ltr'><strong><em>δρα</em></strong></span> <span class='ocrx_word' id='word_1_35' title='bbox 211 726 254 804; x_wconf 77' lang='lat' dir='ltr'><strong>cic</strong></span> <span class='ocrx_word' id='word_1_36' title='bbox 273 731 533 811; x_wconf 81' lang='grc' dir='ltr'><strong><em>μεγαλαυχοῦντα</em></strong></span> <span class='ocrx_word' id='word_1_37' title='bbox 554 730 608 792; x_wconf 81' lang='grc' dir='ltr'><strong><em>καί</em></strong></span> <span class='ocrx_word' id='word_1_38' title='bbox 627 724 902 814; x_wconf 73' lang='grc' dir='ltr'><strong><em>διαθρυπτόμενον</em></strong></span> <span class='ocrx_word' id='word_1_39' title='bbox 930 725 985 792; x_wconf 74' lang='grc' dir='ltr'><strong>ἐπὶ</strong></span> <span class='ocrx_word' id='word_1_40' title='bbox 1007 723 1047 814; x_wconf 76' lang='grc' dir='ltr'><strong><em>’τῇ</em></strong></span> <span class='ocrx_word' id='word_1_41' title='bbox 1066 727 1124 791; x_wconf 78' lang='grc' dir='ltr'><strong>τού</strong></span> <span class='ocrx_word' id='word_1_42' title='bbox 1143 723 1216 806; x_wconf 81' lang='grc' dir='ltr'><strong><em>δμί-</em></strong></span> 
     </span>
     <span class='ocr_line' id='line_1_6' title="bbox 102 818 1215 916; baseline -0.006 -20"><span class='ocrx_word' id='word_1_43' title='bbox 102 835 182 896; x_wconf 71' lang='grc' dir='ltr'><strong><em>ὅλου</em></strong></span> <span class='ocrx_word' id='word_1_44' title='bbox 203 822 310 916; x_wconf 77' lang='grc' dir='ltr'><strong><em>εύνοίρ</em></strong></span> <span class='ocrx_word' id='word_1_45' title='bbox 338 830 393 890; x_wconf 82' lang='grc' dir='ltr'><strong><em>καί</em></strong></span> <span class='ocrx_word' id='word_1_46' title='bbox 433 830 467 902; x_wconf 78' lang='grc' dir='ltr'><strong>ἐς</strong></span> <span class='ocrx_word' id='word_1_47' title='bbox 497 819 595 902; x_wconf 84' lang='grc' dir='ltr'><strong><em>άλλας</em></strong></span> <span class='ocrx_word' id='word_1_48' title='bbox 615 825 734 913; x_wconf 80' lang='grc' dir='ltr'><strong><em>δρῶντα</em></strong></span> <span class='ocrx_word' id='word_1_49' title='bbox 755 827 893 904; x_wconf 79' lang='grc' dir='ltr'><strong><em>ἐλπίδας.</em></strong></span> <span class='ocrx_word' id='word_1_50' title='bbox 922 818 966 893; x_wconf 66' lang='grc' dir='ltr'><strong>οἶν</strong></span> <span class='ocrx_word' id='word_1_51' title='bbox 987 827 1025 912; x_wconf 78' lang='grc' dir='ltr'><strong>δη</strong></span> <span class='ocrx_word' id='word_1_52' title='bbox 1048 828 1137 892; x_wconf 71' lang='grc' dir='ltr'><strong><em>ἕνεκα</em></strong></span> <span class='ocrx_word' id='word_1_53' title='bbox 1158 822 1215 889; x_wconf 86' lang='grc' dir='ltr'><strong>τά-</strong></span> 
     </span>
     <span class='ocr_line' id='line_1_7' title="bbox 120 918 1214 1012; baseline -0.002 -22"><span class='ocrx_word' id='word_1_54' title='bbox 120 923 219 1009; x_wconf 86' lang='grc' dir='ltr'><strong><em>χιστά</em></strong></span> <span class='ocrx_word' id='word_1_55' title='bbox 241 949 276 989; x_wconf 90' lang='grc' dir='ltr'><strong>τε</strong></span> <span class='ocrx_word' id='word_1_56' title='bbox 298 918 451 1011; x_wconf 80' lang='grc' dir='ltr'><strong><em>ἆφῖκται,</em></strong></span> <span class='ocrx_word' id='word_1_57' title='bbox 473 925 518 1002; x_wconf 87' lang='grc' dir='ltr'><strong>ώς</strong></span> <span class='ocrx_word' id='word_1_58' title='bbox 535 924 581 1010; x_wconf 73' lang='grc' dir='ltr'><strong>μη</strong></span> <span class='ocrx_word' id='word_1_59' title='bbox 600 924 787 991; x_wconf 70' lang='grc' dir='ltr'><strong><em>τελεώτατον</em></strong></span> <span class='ocrx_word' id='word_1_60' title='bbox 808 919 914 1012; x_wconf 81' lang='grc' dir='ltr'><strong><em>άροιτο</em></strong></span> <span class='ocrx_word' id='word_1_61' title='bbox 936 931 1032 1002; x_wconf 80' lang='grc' dir='ltr'><strong><em>κλέος.</em></strong></span> <span class='ocrx_word' id='word_1_62' title='bbox 1065 927 1121 989; x_wconf 81' lang='grc' dir='ltr'><strong><em>καί</em></strong></span> <span class='ocrx_word' id='word_1_63' title='bbox 1138 923 1214 989; x_wconf 81' lang='grc' dir='ltr'><strong><em>ούδὲ</em></strong></span> 
     </span>
     <span class='ocr_line' id='line_1_8' title="bbox 127 1016 1212 1120; baseline -0.003 -32"><span class='ocrx_word' id='word_1_64' title='bbox 127 1023 184 1088; x_wconf 77' lang='lat' dir='ltr'><strong>tui</strong></span> <span class='ocrx_word' id='word_1_65' title='bbox 201 1033 269 1100; x_wconf 80' lang='grc' dir='ltr'><strong><em>τοῖς</em></strong></span> <span class='ocrx_word' id='word_1_66' title='bbox 287 1016 349 1108; x_wconf 73' lang='grc' dir='ltr'><strong>ἤδη</strong></span> <span class='ocrx_word' id='word_1_67' title='bbox 370 1025 595 1109; x_wconf 77' lang='grc' dir='ltr'><strong><em>πεπονημένοις</em></strong></span> <span class='ocrx_word' id='word_1_68' title='bbox 615 1028 708 1110; x_wconf 78' lang='grc' dir='ltr'><strong><em>τιμῆς</em></strong></span> <span class='ocrx_word' id='word_1_69' title='bbox 729 1019 877 1090; x_wconf 83' lang='grc' dir='ltr'><strong><em>οἷπώνατο</em></strong></span> <span class='ocrx_word' id='word_1_70' title='bbox 905 1029 961 1110; x_wconf 73' lang='grc' dir='ltr'><strong>τῆς</strong></span> <span class='ocrx_word' id='word_1_71' title='bbox 988 1021 1212 1120; x_wconf 84' lang='grc' dir='ltr'><strong><em>προσηκούσης·</em></strong></span> 
     </span>
     <span class='ocr_line' id='line_1_9' title="bbox 121 1117 1211 1210; baseline -0.001 -25"><span class='ocrx_word' id='word_1_72' title='bbox 121 1120 203 1186; x_wconf 75' lang='grc' dir='ltr'><strong><em>ἀλλὰ</em></strong></span> <span class='ocrx_word' id='word_1_73' title='bbox 229 1117 350 1207; x_wconf 69' lang='grc' dir='ltr'><strong><em>διέρρει</em></strong></span> <span class='ocrx_word' id='word_1_74' title='bbox 370 1117 458 1210; x_wconf 75' lang='grc' dir='ltr'><strong><em>αύτῷ</em></strong></span> <span class='ocrx_word' id='word_1_75' title='bbox 476 1121 515 1187; x_wconf 85' lang='grc' dir='ltr'><strong>τά</strong></span> <span class='ocrx_word' id='word_1_76' title='bbox 537 1123 594 1208; x_wconf 79' lang='grc' dir='ltr'><strong>τῆς</strong></span> <span class='ocrx_word' id='word_1_77' title='bbox 614 1127 716 1208; x_wconf 79' lang='grc' dir='ltr'><strong><em>νίκης,</em></strong></span> <span class='ocrx_word' id='word_1_78' title='bbox 737 1119 808 1206; x_wconf 78' lang='grc' dir='ltr'><strong><em>τόγε</em></strong></span> <span class='ocrx_word' id='word_1_79' title='bbox 829 1125 879 1188; x_wconf 80' lang='grc' dir='ltr'><strong>ἐπ’</strong></span> <span class='ocrx_word' id='word_1_80' title='bbox 900 1126 1050 1206; x_wconf 80' lang='grc' dir='ltr'><strong><em>ἐκείνοις,</em></strong></span> <span class='ocrx_word' id='word_1_81' title='bbox 1083 1122 1211 1208; x_wconf 75' lang='grc' dir='ltr'><strong><em>φροῦδοι</em></strong></span> 
     </span>
     <span class='ocr_line' id='line_1_10' title="bbox 121 1212 1210 1305; baseline -0.001 -22"><span class='ocrx_word' id='word_1_82' title='bbox 121 1219 178 1283; x_wconf 81' lang='grc' dir='ltr'><strong><em>καί</em></strong></span> <span class='ocrx_word' id='word_1_83' title='bbox 195 1212 318 1302; x_wconf 79' lang='grc' dir='ltr'><strong><em>άμισθα</em></strong></span> <span class='ocrx_word' id='word_1_84' title='bbox 338 1219 395 1284; x_wconf 85' lang='grc' dir='ltr'><strong><em>καί</em></strong></span> <span class='ocrx_word' id='word_1_85' title='bbox 411 1219 593 1287; x_wconf 90' lang='grc' dir='ltr'><strong><em>παντάπασι</em></strong></span> <span class='ocrx_word' id='word_1_86' title='bbox 615 1223 811 1305; x_wconf 79' lang='grc' dir='ltr'><strong><em>σεσιγημένα.</em></strong></span> <span class='ocrx_word' id='word_1_87' title='bbox 832 1219 876 1298; x_wconf 74' lang='lat' dir='ltr'><strong>uic</strong></span> <span class='ocrx_word' id='word_1_88' title='bbox 896 1226 955 1304; x_wconf 79' lang='grc' dir='ltr'><strong>μὲν</strong></span> <span class='ocrx_word' id='word_1_89' title='bbox 976 1214 1034 1288; x_wconf 78' lang='grc' dir='ltr'><strong>οὖν</strong></span> <span class='ocrx_word' id='word_1_90' title='bbox 1055 1223 1118 1286; x_wconf 85' lang='grc' dir='ltr'><strong>τών</strong></span> <span class='ocrx_word' id='word_1_91' title='bbox 1139 1215 1210 1305; x_wconf 88' lang='grc' dir='ltr'><strong><em>άρί-</em></strong></span> 
     </span>
     <span class='ocr_line' id='line_1_11' title="bbox 84 1318 1211 1408; baseline -0.001 -22"><span class='ocrx_word' id='word_1_92' title='bbox 84 1337 205 1386; x_wconf 81' lang='grc' dir='ltr'><strong><em>Ιοστων</em></strong></span> <span class='ocrx_word' id='word_1_93' title='bbox 224 1321 341 1403; x_wconf 77' lang='grc' dir='ltr'><strong><em>ψυχαῖν</em></strong></span> <span class='ocrx_word' id='word_1_94' title='bbox 361 1318 551 1402; x_wconf 75' lang='grc' dir='ltr'><strong><em>ἀμβλύνεται</em></strong></span> <span class='ocrx_word' id='word_1_95' title='bbox 567 1319 602 1385; x_wconf 85' lang='grc' dir='ltr'><strong>τύ</strong></span> <span class='ocrx_word' id='word_1_96' title='bbox 624 1318 825 1407; x_wconf 79' lang='grc' dir='ltr'><strong><em>δραστήριον,</em></strong></span> <span class='ocrx_word' id='word_1_97' title='bbox 845 1319 938 1405; x_wconf 75' lang='grc' dir='ltr'><strong><em>ἡνίκα</em></strong></span> <span class='ocrx_word' id='word_1_98' title='bbox 955 1319 1001 1408; x_wconf 75' lang='grc' dir='ltr'><strong>μὴ</strong></span> <span class='ocrx_word' id='word_1_99' title='bbox 1025 1325 1211 1402; x_wconf 78' lang='grc' dir='ltr'><strong><em>ἐπαινοῖντο,</em></strong></span> 
     </span>
     <span class='ocr_line' id='line_1_12' title="bbox 120 1412 1207 1504; baseline 0 -22"><span class='ocrx_word' id='word_1_100' title='bbox 120 1421 205 1503; x_wconf 82' lang='grc' dir='ltr'><strong><em>μηδὲ</em></strong></span> <span class='ocrx_word' id='word_1_101' title='bbox 224 1419 284 1482; x_wconf 79' lang='grc' dir='ltr'><strong>τού</strong></span> <span class='ocrx_word' id='word_1_102' title='bbox 302 1420 473 1504; x_wconf 83' lang='grc' dir='ltr'><strong><em>πρέποντος</em></strong></span> <span class='ocrx_word' id='word_1_103' title='bbox 494 1412 700 1500; x_wconf 82' lang='grc' dir='ltr'><strong><em>άπολαύοιεν,</em></strong></span> <span class='ocrx_word' id='word_1_104' title='bbox 729 1421 785 1485; x_wconf 77' lang='grc' dir='ltr'><strong><em>καί</em></strong></span> <span class='ocrx_word' id='word_1_105' title='bbox 804 1414 886 1496; x_wconf 81' lang='grc' dir='ltr'><strong><em>ὅπως</em></strong></span> <span class='ocrx_word' id='word_1_106' title='bbox 906 1421 1034 1486; x_wconf 75' lang='grc' dir='ltr'><strong><em>ἐνθένδε</em></strong></span> <span class='ocrx_word' id='word_1_107' title='bbox 1056 1415 1096 1485; x_wconf 87' lang='grc' dir='ltr'><strong>τά</strong></span> <span class='ocrx_word' id='word_1_108' title='bbox 1119 1416 1207 1482; x_wconf 81' lang='grc' dir='ltr'><strong><em>κοινά</em></strong></span> 
     </span>
     <span class='ocr_line' id='line_1_13' title="bbox 123 1513 1208 1608; baseline 0.001 -28"><span class='ocrx_word' id='word_1_109' title='bbox 123 1520 350 1603; x_wconf 77' lang='grc' dir='ltr'><strong><em>καταδεέστερα</em></strong></span> <span class='ocrx_word' id='word_1_110' title='bbox 374 1515 511 1601; x_wconf 73' lang='grc' dir='ltr'><strong><em>γιγνεται</em></strong></span> <span class='ocrx_word' id='word_1_111' title='bbox 530 1520 575 1608; x_wconf 62' lang='lat' dir='ltr'><strong>rapi</strong></span> <span class='ocrx_word' id='word_1_112' title='bbox 593 1516 637 1603; x_wconf 69' lang='grc' dir='ltr'><strong>μὴ</strong></span> <span class='ocrx_word' id='word_1_113' title='bbox 667 1518 776 1604; x_wconf 78' lang='grc' dir='ltr'><strong><em>ύρθαῖς</em></strong></span> <span class='ocrx_word' id='word_1_114' title='bbox 802 1513 972 1585; x_wconf 77' lang='grc' dir='ltr'><strong><em>δοκεῖσθαι</em></strong></span> <span class='ocrx_word' id='word_1_115' title='bbox 993 1518 1033 1584; x_wconf 84' lang='grc' dir='ltr'><strong>τά</strong></span> <span class='ocrx_word' id='word_1_116' title='bbox 1055 1515 1208 1599; x_wconf 78' lang='grc' dir='ltr'><strong><em>ἀτιμαζό-</em></strong></span> 
     </span>
     <span class='ocr_line' id='line_1_14' title="bbox 119 1613 1206 1702; baseline -0.003 -20"><span class='ocrx_word' id='word_1_117' title='bbox 119 1641 220 1700; x_wconf 88' lang='grc' dir='ltr'><strong><em>μενα,</em></strong></span> <span class='ocrx_word' id='word_1_118' title='bbox 250 1615 315 1681; x_wconf 83' lang='grc' dir='ltr'><strong><em>εἴτε</em></strong></span> <span class='ocrx_word' id='word_1_119' title='bbox 344 1619 489 1699; x_wconf 82' lang='grc' dir='ltr'><strong><em>πολέμων</em></strong></span> <span class='ocrx_word' id='word_1_120' title='bbox 519 1613 582 1685; x_wconf 78' lang='grc' dir='ltr'><strong><em>εἶεν</em></strong></span> <span class='ocrx_word' id='word_1_121' title='bbox 602 1620 719 1701; x_wconf 85' lang='grc' dir='ltr'><strong><em>άγώνες</em></strong></span> <span class='ocrx_word' id='word_1_122' title='bbox 750 1616 814 1683; x_wconf 86' lang='grc' dir='ltr'><strong><em>εἴτε</em></strong></span> <span class='ocrx_word' id='word_1_123' title='bbox 842 1616 942 1702; x_wconf 84' lang='grc' dir='ltr'><strong><em>λόγων</em></strong></span> <span class='ocrx_word' id='word_1_124' title='bbox 980 1622 1121 1684; x_wconf 85' lang='grc' dir='ltr'><strong><em>παιδεῖαι</em></strong></span> <span class='ocrx_word' id='word_1_125' title='bbox 1142 1615 1206 1680; x_wconf 83' lang='grc' dir='ltr'><strong><em>εἴτε</em></strong></span> 
     </span>
     <span class='ocr_line' id='line_1_15' title="bbox 126 1711 1209 1805; baseline -0.003 -24"><span class='ocrx_word' id='word_1_126' title='bbox 126 1711 204 1781; x_wconf 80' lang='grc' dir='ltr'><strong><em>άλλο</em></strong></span> <span class='ocrx_word' id='word_1_127' title='bbox 224 1743 256 1782; x_wconf 84' lang='grc' dir='ltr'><strong>τι</strong></span> <span class='ocrx_word' id='word_1_128' title='bbox 274 1719 336 1782; x_wconf 80' lang='grc' dir='ltr'><strong>τών</strong></span> <span class='ocrx_word' id='word_1_129' title='bbox 357 1712 440 1782; x_wconf 83' lang='grc' dir='ltr'><strong><em>ούτω</em></strong></span> <span class='ocrx_word' id='word_1_130' title='bbox 459 1716 696 1804; x_wconf 85' lang='grc' dir='ltr'><strong><em>καιριωτάτων,</em></strong></span> <span class='ocrx_word' id='word_1_131' title='bbox 729 1716 849 1804; x_wconf 76' lang='grc' dir='ltr'><strong><em>εἴρηται</em></strong></span> <span class='ocrx_word' id='word_1_132' title='bbox 868 1721 928 1800; x_wconf 82' lang='grc' dir='ltr'><strong>μὲν</strong></span> <span class='ocrx_word' id='word_1_133' title='bbox 948 1711 1009 1805; x_wconf 76' lang='grc' dir='ltr'><strong>ἤδη</strong></span> <span class='ocrx_word' id='word_1_134' title='bbox 1029 1726 1092 1794; x_wconf 73' lang='grc' dir='ltr'><strong><em>τοῖς</em></strong></span> <span class='ocrx_word' id='word_1_135' title='bbox 1111 1715 1209 1781; x_wconf 88' lang='grc' dir='ltr'><strong><em>πάλαι</em></strong></span> 
     </span>
     <span class='ocr_line' id='line_1_16' title="bbox 85 1813 1230 1906; baseline 0.004 -31"><span class='ocrx_word' id='word_1_136' title='bbox 85 1813 233 1903; x_wconf 71' lang='grc' dir='ltr'><strong><em>ιὸσοφοΐς</em></strong></span> <span class='ocrx_word' id='word_1_137' title='bbox 247 1819 301 1880; x_wconf 83' lang='grc' dir='ltr'><strong><em>καί</em></strong></span> <span class='ocrx_word' id='word_1_138' title='bbox 311 1815 542 1899; x_wconf 79' lang='grc' dir='ltr'><strong><em>άποδέδεικται,</em></strong></span> <span class='ocrx_word' id='word_1_139' title='bbox 563 1817 674 1906; x_wconf 80' lang='grc' dir='ltr'><strong><em>ῥηίδιον</em></strong></span> <span class='ocrx_word' id='word_1_140' title='bbox 689 1819 735 1898; x_wconf 75' lang='grc' dir='ltr'><strong>δὲ,</strong></span> <span class='ocrx_word' id='word_1_141' title='bbox 756 1813 854 1900; x_wconf 83' lang='grc' dir='ltr'><strong><em>οἶμαι,</em></strong></span> <span class='ocrx_word' id='word_1_142' title='bbox 870 1819 926 1882; x_wconf 74' lang='grc' dir='ltr'><strong><em>κατ’</em></strong></span> <span class='ocrx_word' id='word_1_143' title='bbox 945 1817 1040 1882; x_wconf 75' lang='grc' dir='ltr'><strong><em>παντί</em></strong></span> <span class='ocrx_word' id='word_1_144' title='bbox 1051 1819 1095 1906; x_wconf 77' lang='grc' dir='ltr'><strong>τῷ</strong></span> <span class='ocrx_word' id='word_1_145' title='bbox 1107 1813 1230 1904; x_wconf 74' lang='grc' dir='ltr'><strong><em>προσ-Β</em></strong></span> 
     </span>
     <span class='ocr_line' id='line_1_17' title="bbox 118 1911 1209 2001; baseline -0.004 -21"><span class='ocrx_word' id='word_1_146' title='bbox 118 1915 247 1998; x_wconf 84' lang='grc' dir='ltr'><strong><em>τυχόντι</em></strong></span> <span class='ocrx_word' id='word_1_147' title='bbox 274 1913 507 1998; x_wconf 75' lang='grc' dir='ltr'><strong><em>διαγιγνώσκειν</em></strong></span> <span class='ocrx_word' id='word_1_148' title='bbox 535 1917 570 1979; x_wconf 76' lang='grc' dir='ltr'><strong>ἐκ</strong></span> <span class='ocrx_word' id='word_1_149' title='bbox 597 1918 662 1978; x_wconf 81' lang='grc' dir='ltr'><strong>τών</strong></span> <span class='ocrx_word' id='word_1_150' title='bbox 694 1911 849 2000; x_wconf 78' lang='grc' dir='ltr'><strong><em>ὁσημέραι</em></strong></span> <span class='ocrx_word' id='word_1_151' title='bbox 879 1918 1134 2001; x_wconf 82' lang='grc' dir='ltr'><strong><em>ξυμφερομένων.</em></strong></span> <span class='ocrx_word' id='word_1_152' title='bbox 1178 1912 1209 1977; x_wconf 79' lang='grc' dir='ltr'><strong>οἱ</strong></span> 
     </span>
     <span class='ocr_line' id='line_1_18' title="bbox 119 2008 1207 2098; baseline 0 -20"><span class='ocrx_word' id='word_1_153' title='bbox 119 2016 157 2080; x_wconf 84' lang='grc' dir='ltr'><strong>δὲ</strong></span> <span class='ocrx_word' id='word_1_154' title='bbox 179 2008 297 2080; x_wconf 84' lang='grc' dir='ltr'><strong><em>θύννοι</em></strong></span> <span class='ocrx_word' id='word_1_155' title='bbox 314 2012 354 2078; x_wconf 90' lang='grc' dir='ltr'><strong>τά</strong></span> <span class='ocrx_word' id='word_1_156' title='bbox 374 2016 434 2095; x_wconf 80' lang='grc' dir='ltr'><strong>μὲν</strong></span> <span class='ocrx_word' id='word_1_157' title='bbox 453 2015 564 2098; x_wconf 82' lang='grc' dir='ltr'><strong><em>πρώτα</em></strong></span> <span class='ocrx_word' id='word_1_158' title='bbox 584 2010 692 2090; x_wconf 81' lang='grc' dir='ltr'><strong><em>δίωξίν</em></strong></span> <span class='ocrx_word' id='word_1_159' title='bbox 709 2037 781 2078; x_wconf 82' lang='grc' dir='ltr'><strong><em>τινα</em></strong></span> <span class='ocrx_word' id='word_1_160' title='bbox 794 2010 1054 2098; x_wconf 74' lang='grc' dir='ltr'><strong><em>ὑποτοπήσαντες,</em></strong></span> <span class='ocrx_word' id='word_1_161' title='bbox 1076 2015 1131 2078; x_wconf 78' lang='grc' dir='ltr'><strong><em>καί</em></strong></span> <span class='ocrx_word' id='word_1_162' title='bbox 1152 2011 1207 2092; x_wconf 78' lang='grc' dir='ltr'><strong>ξύν</strong></span> 
     </span>
     <span class='ocr_line' id='line_1_19' title="bbox 119 2111 1206 2204; baseline -0.003 -25"><span class='ocrx_word' id='word_1_163' title='bbox 119 2111 250 2204; x_wconf 80' lang='grc' dir='ltr'><strong><em>θορύβῳ</em></strong></span> <span class='ocrx_word' id='word_1_164' title='bbox 273 2115 377 2202; x_wconf 73' lang='grc' dir='ltr'><strong><em>πολλῷ</em></strong></span> <span class='ocrx_word' id='word_1_165' title='bbox 404 2114 468 2176; x_wconf 86' lang='grc' dir='ltr'><strong>τών</strong></span> <span class='ocrx_word' id='word_1_166' title='bbox 487 2116 619 2199; x_wconf 78' lang='grc' dir='ltr'><strong><em>μακράν</em></strong></span> <span class='ocrx_word' id='word_1_167' title='bbox 640 2114 843 2194; x_wconf 79' lang='grc' dir='ltr'><strong><em>καλουμένων</em></strong></span> <span class='ocrx_word' id='word_1_168' title='bbox 872 2117 987 2196; x_wconf 83' lang='grc' dir='ltr'><strong><em>τειχῶν</em></strong></span> <span class='ocrx_word' id='word_1_169' title='bbox 1007 2111 1206 2196; x_wconf 83' lang='grc' dir='ltr'><strong><em>ύπεκβάντες,</em></strong></span> 
     </span>
     <span class='ocr_line' id='line_1_20' title="bbox 119 2207 1206 2298; baseline -0.002 -20"><span class='ocrx_word' id='word_1_170' title='bbox 119 2211 229 2298; x_wconf 74' lang='grc' dir='ltr'><strong><em>ἐπειδὴ</em></strong></span> <span class='ocrx_word' id='word_1_171' title='bbox 243 2210 392 2296; x_wconf 80' lang='grc' dir='ltr'><strong><em>ἔγνωσαν,</em></strong></span> <span class='ocrx_word' id='word_1_172' title='bbox 413 2211 458 2288; x_wconf 86' lang='grc' dir='ltr'><strong>ώς</strong></span> <span class='ocrx_word' id='word_1_173' title='bbox 469 2212 658 2298; x_wconf 86' lang='grc' dir='ltr'><strong><em>Βελισάριος</em></strong></span> <span class='ocrx_word' id='word_1_174' title='bbox 670 2209 888 2295; x_wconf 84' lang='grc' dir='ltr'><strong><em>μετάπεμπτος</em></strong></span> <span class='ocrx_word' id='word_1_175' title='bbox 902 2209 1044 2296; x_wconf 75' lang='grc' dir='ltr'><strong><em>ἐγεγόνει,</em></strong></span> <span class='ocrx_word' id='word_1_176' title='bbox 1066 2209 1120 2275; x_wconf 83' lang='grc' dir='ltr'><strong><em>καί</em></strong></span> <span class='ocrx_word' id='word_1_177' title='bbox 1131 2207 1206 2276; x_wconf 72' lang='lat' dir='ltr'><strong>siti</strong></span> 
     </span>
     <span class='ocr_line' id='line_1_21' title="bbox 82 2307 1166 2398; baseline 0.002 -26"><span class='ocrx_word' id='word_1_178' title='bbox 82 2312 229 2398; x_wconf 74' lang='grc' dir='ltr'><strong><em>αοὲτερός</em></strong></span> <span class='ocrx_word' id='word_1_179' title='bbox 248 2331 297 2388; x_wconf 81' lang='grc' dir='ltr'><strong>τις</strong></span> <span class='ocrx_word' id='word_1_180' title='bbox 318 2310 427 2388; x_wconf 80' lang='grc' dir='ltr'><strong><em>αύτοίς</em></strong></span> <span class='ocrx_word' id='word_1_181' title='bbox 448 2309 611 2398; x_wconf 77' lang='grc' dir='ltr'><strong><em>ἐπεφοίτα,</em></strong></span> <span class='ocrx_word' id='word_1_182' title='bbox 632 2308 726 2376; x_wconf 86' lang='grc' dir='ltr'><strong><em>πάλιν</em></strong></span> <span class='ocrx_word' id='word_1_183' title='bbox 747 2311 950 2398; x_wconf 75' lang='grc' dir='ltr'><strong><em>σχολαίτερον</em></strong></span> <span class='ocrx_word' id='word_1_184' title='bbox 970 2307 1166 2396; x_wconf 81' lang='grc' dir='ltr'><strong><em>ἐπορεύοντο.</em></strong></span> 
     </span>
    </p>
   </div>
   <div class='ocr_carea' id='block_1_3' title="bbox 188 2469 1205 2621">
    <p class='ocr_par' dir='ltr' id='par_1_3' title="bbox 188 2469 1205 2621">
     <span class='ocr_line' id='line_1_22' title="bbox 194 2469 1205 2551; baseline -0.002 -17"><span class='ocrx_word' id='word_1_185' title='bbox 194 2499 216 2538; x_wconf 86' lang='grc' dir='ltr'><strong>ι.</strong></span> <span class='ocrx_word' id='word_1_186' title='bbox 234 2469 268 2546; x_wconf 66' lang='lat' dir='ltr'><strong>a»)</strong></span> <span class='ocrx_word' id='word_1_187' title='bbox 288 2482 317 2532; x_wconf 82' lang='lat' dir='ltr'><strong>R.</strong></span> <span class='ocrx_word' id='word_1_188' title='bbox 333 2497 359 2535; x_wconf 78' lang='lat' dir='ltr'><strong>a.</strong></span> <span class='ocrx_word' id='word_1_189' title='bbox 376 2497 424 2544; x_wconf 90' lang='lat' dir='ltr'><strong>m.,</strong></span> <span class='ocrx_word' id='word_1_190' title='bbox 438 2478 470 2532; x_wconf 74' lang='lat' dir='ltr'><strong>aa</strong></span> <span class='ocrx_word' id='word_1_191' title='bbox 486 2479 556 2551; x_wconf 79' lang='lat' dir='ltr'><strong>vulg.</strong></span> <span class='ocrx_word' id='word_1_192' title='bbox 578 2488 607 2533; x_wconf 85' lang='lat' dir='ltr'><strong>et</strong></span> <span class='ocrx_word' id='word_1_193' title='bbox 624 2481 652 2532; x_wconf 91' lang='lat' dir='ltr'><strong>n.</strong></span> <span class='ocrx_word' id='word_1_194' title='bbox 675 2494 695 2534; x_wconf 86' lang='grc' dir='ltr'><strong>ι.</strong></span> <span class='ocrx_word' id='word_1_195' title='bbox 713 2497 748 2532; x_wconf 77' lang='lat' dir='ltr'><strong>ns</strong></span> <span class='ocrx_word' id='word_1_196' title='bbox 837 2483 863 2538; x_wconf 82' lang='lat'><strong>8.</strong></span> <span class='ocrx_word' id='word_1_197' title='bbox 881 2471 1004 2537; x_wconf 70' lang='grc' dir='ltr'><strong><em>ἐκειιδις</em></strong></span> <span class='ocrx_word' id='word_1_198' title='bbox 1021 2481 1061 2544; x_wconf 81' lang='lat' dir='ltr'><strong>n,</strong></span> <span class='ocrx_word' id='word_1_199' title='bbox 1078 2479 1205 2539; x_wconf 71' lang='grc' dir='ltr'><strong><em>ἐκείνους</em></strong></span> 
     </span>
     <span class='ocr_line' id='line_1_23' title="bbox 188 2544 1065 2621; baseline -0.001 -18"><span class='ocrx_word' id='word_1_200' title='bbox 188 2551 260 2621; x_wconf 76' lang='lat' dir='ltr'><strong>vulg.</strong></span> <span class='ocrx_word' id='word_1_201' title='bbox 364 2569 389 2620; x_wconf 71' lang='lat'><strong>9</strong></span> <span class='ocrx_word' id='word_1_202' title='bbox 408 2547 518 2603; x_wconf 74' lang='grc' dir='ltr'><strong><em>ἄπιστα</em></strong></span> <span class='ocrx_word' id='word_1_203' title='bbox 535 2554 566 2610; x_wconf 80' lang='lat' dir='ltr'><strong>n,</strong></span> <span class='ocrx_word' id='word_1_204' title='bbox 583 2559 611 2604; x_wconf 87' lang='lat' dir='ltr'><strong>et</strong></span> <span class='ocrx_word' id='word_1_205' title='bbox 628 2552 714 2621; x_wconf 86' lang='lat' dir='ltr'><strong>lntpr.</strong></span> <span class='ocrx_word' id='word_1_206' title='bbox 735 2567 813 2606; x_wconf 82' lang='grc' dir='ltr'><strong><em>υαιιιι</em></strong></span> <span class='ocrx_word' id='word_1_207' title='bbox 833 2553 926 2606; x_wconf 83' lang='lat' dir='ltr'><strong>omnia</strong></span> <span class='ocrx_word' id='word_1_208' title='bbox 946 2544 1065 2606; x_wconf 72' lang='lat' dir='ltr'><strong>reddata.</strong></span> 
     </span>
    </p>
   </div>
   <div class='ocr_carea' id='block_1_4' title="bbox 116 2712 1205 4261">
    <p class='ocr_par' dir='ltr' id='par_1_4' title="bbox 116 2712 1205 4261">
     <span class='ocr_line' id='line_1_24' title="bbox 118 2712 1205 2784; baseline 0.006 -20"><span class='ocrx_word' id='word_1_209' title='bbox 118 2714 194 2765; x_wconf 82' lang='lat' dir='ltr'><strong>enim</strong></span> <span class='ocrx_word' id='word_1_210' title='bbox 212 2712 330 2783; x_wconf 85' lang='lat' dir='ltr'><strong>populns</strong></span> <span class='ocrx_word' id='word_1_211' title='bbox 348 2714 497 2776; x_wconf 79' lang='lat' dir='ltr'><strong>universus,</strong></span> <span class='ocrx_word' id='word_1_212' title='bbox 514 2715 628 2769; x_wconf 77' lang='lat' dir='ltr'><strong>victoria</strong></span> <span class='ocrx_word' id='word_1_213' title='bbox 645 2712 696 2766; x_wconf 83' lang='lat' dir='ltr'><strong>hae</strong></span> <span class='ocrx_word' id='word_1_214' title='bbox 720 2717 787 2784; x_wconf 84' lang='lat' dir='ltr'><strong>ipsis</strong></span> <span class='ocrx_word' id='word_1_215' title='bbox 807 2717 947 2778; x_wconf 81' lang='lat' dir='ltr'><strong>nuntiata,</strong></span> <span class='ocrx_word' id='word_1_216' title='bbox 967 2731 1028 2770; x_wconf 87' lang='lat' dir='ltr'><strong>enm</strong></span> <span class='ocrx_word' id='word_1_217' title='bbox 1047 2717 1205 2770; x_wconf 71' lang='lat' dir='ltr'>decantaret</span> 
     </span>
     <span class='ocr_line' id='line_1_25' title="bbox 119 2783 1203 2858; baseline 0.003 -23"><span class='ocrx_word' id='word_1_218' title='bbox 119 2791 149 2835; x_wconf 86' lang='lat' dir='ltr'><strong>et</strong></span> <span class='ocrx_word' id='word_1_219' title='bbox 171 2785 201 2834; x_wconf 91' lang='lat' dir='ltr'><strong>in</strong></span> <span class='ocrx_word' id='word_1_220' title='bbox 221 2783 400 2835; x_wconf 85' lang='lat' dir='ltr'><strong>conventibus</strong></span> <span class='ocrx_word' id='word_1_221' title='bbox 418 2787 528 2837; x_wconf 85' lang='lat' dir='ltr'><strong>summis</strong></span> <span class='ocrx_word' id='word_1_222' title='bbox 554 2785 682 2837; x_wconf 84' lang='lat' dir='ltr'><strong>laudibus</strong></span> <span class='ocrx_word' id='word_1_223' title='bbox 700 2791 823 2848; x_wconf 77' lang='lat' dir='ltr'><strong>efferret,</strong></span> <span class='ocrx_word' id='word_1_224' title='bbox 854 2788 940 2838; x_wconf 85' lang='lat' dir='ltr'><strong>veluti</strong></span> <span class='ocrx_word' id='word_1_225' title='bbox 964 2787 999 2838; x_wconf 88' lang='lat' dir='ltr'><strong>ab</strong></span> <span class='ocrx_word' id='word_1_226' title='bbox 1019 2789 1067 2840; x_wconf 94' lang='lat' dir='ltr'><strong>illo</strong></span> <span class='ocrx_word' id='word_1_227' title='bbox 1087 2791 1203 2858; x_wconf 88' lang='lat' dir='ltr'><strong>apertis-</strong></span> 
     </span>
     <span class='ocr_line' id='line_1_26' title="bbox 117 2855 1203 2930; baseline 0.002 -23"><span class='ocrx_word' id='word_1_228' title='bbox 117 2855 188 2907; x_wconf 84' lang='lat' dir='ltr'><strong>sime</strong></span> <span class='ocrx_word' id='word_1_229' title='bbox 212 2862 398 2917; x_wconf 78' lang='lat' dir='ltr'><strong>conservatus,</strong></span> <span class='ocrx_word' id='word_1_230' title='bbox 428 2855 574 2906; x_wconf 80' lang='lat' dir='ltr'><strong>momordit</strong></span> <span class='ocrx_word' id='word_1_231' title='bbox 600 2870 663 2906; x_wconf 86' lang='lat' dir='ltr'><strong>vero</strong></span> <span class='ocrx_word' id='word_1_232' title='bbox 691 2855 720 2906; x_wconf 81' lang='lat' dir='ltr'><strong>icl</strong></span> <span class='ocrx_word' id='word_1_233' title='bbox 743 2857 915 2926; x_wconf 80' lang='lat' dir='ltr'>pessimeque</span> <span class='ocrx_word' id='word_1_234' title='bbox 937 2859 1035 2910; x_wconf 88' lang='lat' dir='ltr'><strong>habuit</strong></span> <span class='ocrx_word' id='word_1_235' title='bbox 1058 2859 1203 2930; x_wconf 84' lang='lat' dir='ltr'><strong>plerosque</strong></span> 
     </span>
     <span class='ocr_line' id='line_1_27' title="bbox 116 2922 1204 2994; baseline 0.004 -18"><span class='ocrx_word' id='word_1_236' title='bbox 116 2925 252 2994; x_wconf 86' lang='lat' dir='ltr'><strong>primores</strong></span> <span class='ocrx_word' id='word_1_237' title='bbox 271 2922 358 2985; x_wconf 82' lang='lat' dir='ltr'><strong>urbis,</strong></span> <span class='ocrx_word' id='word_1_238' title='bbox 376 2925 480 2976; x_wconf 84' lang='lat' dir='ltr'><strong>invidia</strong></span> <span class='ocrx_word' id='word_1_239' title='bbox 505 2933 533 2976; x_wconf 86' lang='lat' dir='ltr'><strong>et</strong></span> <span class='ocrx_word' id='word_1_240' title='bbox 551 2924 637 2977; x_wconf 77' lang='lat' dir='ltr'><strong>lirare</strong></span> <span class='ocrx_word' id='word_1_241' title='bbox 654 2935 814 2994; x_wconf 83' lang='lat' dir='ltr'><strong>occupatos,</strong></span> <span class='ocrx_word' id='word_1_242' title='bbox 840 2928 914 2978; x_wconf 83' lang='lat' dir='ltr'><strong>vitiis</strong></span> <span class='ocrx_word' id='word_1_243' title='bbox 934 2929 1001 2979; x_wconf 87' lang='lat' dir='ltr'><strong>adeo</strong></span> <span class='ocrx_word' id='word_1_244' title='bbox 1019 2929 1156 2980; x_wconf 81' lang='lat' dir='ltr'><strong>atrocibus</strong></span> <span class='ocrx_word' id='word_1_245' title='bbox 1176 2939 1204 2980; x_wconf 89' lang='lat' dir='ltr'><strong>ct</strong></span> 
     </span>
     <span class='ocr_line' id='line_1_28' title="bbox 116 2991 1201 3068; baseline 0.002 -22"><span class='ocrx_word' id='word_1_246' title='bbox 116 3005 226 3062; x_wconf 82' lang='lat' dir='ltr'><strong>semper</strong></span> <span class='ocrx_word' id='word_1_247' title='bbox 241 2995 343 3064; x_wconf 87' lang='lat' dir='ltr'><strong>optima</strong></span> <span class='ocrx_word' id='word_1_248' title='bbox 356 3004 479 3066; x_wconf 79' lang='lat' dir='ltr'><strong>quaeque</strong></span> <span class='ocrx_word' id='word_1_249' title='bbox 486 2995 726 3051; x_wconf 69' lang='lat' dir='ltr'><strong>labefactantibus,</strong></span> <span class='ocrx_word' id='word_1_250' title='bbox 744 2995 909 3048; x_wconf 76' lang='lat' dir='ltr'><strong>Calumniari</strong></span> <span class='ocrx_word' id='word_1_251' title='bbox 924 2999 1015 3068; x_wconf 86' lang='lat' dir='ltr'><strong>itaque</strong></span> <span class='ocrx_word' id='word_1_252' title='bbox 1030 3007 1093 3050; x_wconf 88' lang='lat' dir='ltr'><strong>sunt</strong></span> <span class='ocrx_word' id='word_1_253' title='bbox 1107 2991 1201 3060; x_wconf 89' lang='lat' dir='ltr'><strong>virum,</strong></span> 
     </span>
     <span class='ocr_line' id='line_1_29' title="bbox 117 3065 1203 3139; baseline 0.003 -22"><span class='ocrx_word' id='word_1_254' title='bbox 117 3073 151 3117; x_wconf 89' lang='lat' dir='ltr'><strong>ut</strong></span> <span class='ocrx_word' id='word_1_255' title='bbox 175 3073 344 3133; x_wconf 74' lang='lat' dir='ltr'><strong>arrogantem</strong></span> <span class='ocrx_word' id='word_1_256' title='bbox 362 3073 390 3115; x_wconf 89' lang='lat' dir='ltr'><strong>et</strong></span> <span class='ocrx_word' id='word_1_257' title='bbox 411 3066 550 3135; x_wconf 86' lang='lat' dir='ltr'><strong>popularis</strong></span> <span class='ocrx_word' id='word_1_258' title='bbox 574 3083 655 3118; x_wconf 88' lang='lat' dir='ltr'><strong>aurae</strong></span> <span class='ocrx_word' id='word_1_259' title='bbox 675 3065 819 3117; x_wconf 88' lang='lat' dir='ltr'><strong>blandltiis</strong></span> <span class='ocrx_word' id='word_1_260' title='bbox 838 3067 1060 3128; x_wconf 75' lang='lat' dir='ltr'><strong>insolescentem,</strong></span> <span class='ocrx_word' id='word_1_261' title='bbox 1081 3070 1203 3139; x_wconf 78' lang='lat' dir='ltr'><strong>aliasque</strong></span> 
     </span>
     <span class='ocr_line' id='line_1_30' title="bbox 116 3135 1202 3208; baseline 0.004 -22"><span class='ocrx_word' id='word_1_262' title='bbox 116 3151 182 3204; x_wconf 79' lang='lat' dir='ltr'><strong>spes</strong></span> <span class='ocrx_word' id='word_1_263' title='bbox 200 3137 291 3187; x_wconf 87' lang='lat' dir='ltr'><strong>animo</strong></span> <span class='ocrx_word' id='word_1_264' title='bbox 311 3137 466 3206; x_wconf 68' lang='lat' dir='ltr'><strong>agitantem,</strong></span> <span class='ocrx_word' id='word_1_265' title='bbox 485 3136 585 3208; x_wconf 77' lang='lat' dir='ltr'><strong>quibua</strong></span> <span class='ocrx_word' id='word_1_266' title='bbox 604 3137 716 3208; x_wconf 88' lang='lat' dir='ltr'><strong>quidem</strong></span> <span class='ocrx_word' id='word_1_267' title='bbox 734 3135 767 3188; x_wconf 84' lang='lat' dir='ltr'><strong>de</strong></span> <span class='ocrx_word' id='word_1_268' title='bbox 787 3139 873 3188; x_wconf 78' lang='lat' dir='ltr'><strong>cerasia</strong></span> <span class='ocrx_word' id='word_1_269' title='bbox 891 3139 1074 3208; x_wconf 76' lang='lat' dir='ltr'><strong>citissimeque</strong></span> <span class='ocrx_word' id='word_1_270' title='bbox 1094 3155 1202 3190; x_wconf 82' lang='lat' dir='ltr'><strong>coven-</strong></span> 
     </span>
     <span class='ocr_line' id='line_1_31' title="bbox 117 3207 1202 3280; baseline -0.002 -20"><span class='ocrx_word' id='word_1_271' title='bbox 117 3215 180 3260; x_wconf 85' lang='lat' dir='ltr'><strong>tnm</strong></span> <span class='ocrx_word' id='word_1_272' title='bbox 199 3214 254 3269; x_wconf 81' lang='lat' dir='ltr'><strong>est,</strong></span> <span class='ocrx_word' id='word_1_273' title='bbox 279 3210 311 3258; x_wconf 91' lang='lat' dir='ltr'><strong>ut</strong></span> <span class='ocrx_word' id='word_1_274' title='bbox 336 3222 393 3258; x_wconf 89' lang='lat' dir='ltr'><strong>non</strong></span> <span class='ocrx_word' id='word_1_275' title='bbox 418 3207 645 3259; x_wconf 78' lang='lat' dir='ltr'><strong>absolutissimam</strong></span> <span class='ocrx_word' id='word_1_276' title='bbox 668 3207 780 3275; x_wconf 79' lang='lat' dir='ltr'><strong>gloriam</strong></span> <span class='ocrx_word' id='word_1_277' title='bbox 799 3214 965 3277; x_wconf 79' lang='lat' dir='ltr'><strong>reportaret,</strong></span> <span class='ocrx_word' id='word_1_278' title='bbox 990 3225 1080 3280; x_wconf 83' lang='lat' dir='ltr'><strong>neque</strong></span> <span class='ocrx_word' id='word_1_279' title='bbox 1105 3210 1141 3260; x_wconf 91' lang='lat' dir='ltr'><strong>ob</strong></span> <span class='ocrx_word' id='word_1_280' title='bbox 1160 3219 1202 3259; x_wconf 78' lang='lat' dir='ltr'><strong>res</strong></span> 
     </span>
     <span class='ocr_line' id='line_1_32' title="bbox 116 3275 1201 3346; baseline 0.002 -18"><span class='ocrx_word' id='word_1_281' title='bbox 116 3275 258 3346; x_wconf 86' lang='lat' dir='ltr'><strong>praeclare</strong></span> <span class='ocrx_word' id='word_1_282' title='bbox 288 3288 305 3326; x_wconf 86' lang='lat' dir='ltr'><strong>a</strong></span> <span class='ocrx_word' id='word_1_283' title='bbox 338 3293 367 3328; x_wconf 87' lang='lat' dir='ltr'><strong>se</strong></span> <span class='ocrx_word' id='word_1_284' title='bbox 388 3285 474 3346; x_wconf 80' lang='lat' dir='ltr'><strong>gestas</strong></span> <span class='ocrx_word' id='word_1_285' title='bbox 494 3278 588 3330; x_wconf 90' lang='lat' dir='ltr'><strong>debito</strong></span> <span class='ocrx_word' id='word_1_286' title='bbox 613 3278 716 3331; x_wconf 83' lang='lat' dir='ltr'><strong>honore</strong></span> <span class='ocrx_word' id='word_1_287' title='bbox 741 3277 902 3343; x_wconf 67' lang='lat' dir='ltr'><strong>afficeretur,</strong></span> <span class='ocrx_word' id='word_1_288' title='bbox 930 3278 977 3330; x_wconf 87' lang='lat' dir='ltr'><strong>sed</strong></span> <span class='ocrx_word' id='word_1_289' title='bbox 1001 3281 1088 3330; x_wconf 81' lang='lat' dir='ltr'><strong>omnis</strong></span> <span class='ocrx_word' id='word_1_290' title='bbox 1114 3282 1201 3332; x_wconf 83' lang='lat' dir='ltr'><strong>victo-</strong></span> 
     </span>
     <span class='ocr_line' id='line_1_33' title="bbox 118 3347 1201 3418; baseline 0.001 -19"><span class='ocrx_word' id='word_1_291' title='bbox 118 3349 177 3399; x_wconf 82' lang='lat' dir='ltr'><strong>riae</strong></span> <span class='ocrx_word' id='word_1_292' title='bbox 198 3347 258 3398; x_wconf 85' lang='lat' dir='ltr'><strong>laus</strong></span> <span class='ocrx_word' id='word_1_293' title='bbox 277 3347 303 3397; x_wconf 88' lang='lat' dir='ltr'><strong>ei</strong></span> <span class='ocrx_word' id='word_1_294' title='bbox 320 3347 521 3418; x_wconf 83' lang='lat' dir='ltr'><strong>quodammodo</strong></span> <span class='ocrx_word' id='word_1_295' title='bbox 540 3366 554 3399; x_wconf 88' lang='lat' dir='ltr'><strong>e</strong></span> <span class='ocrx_word' id='word_1_296' title='bbox 572 3348 698 3400; x_wconf 87' lang='lat' dir='ltr'><strong>manibus</strong></span> <span class='ocrx_word' id='word_1_297' title='bbox 717 3347 836 3412; x_wconf 85' lang='lat' dir='ltr'><strong>effluxit,</strong></span> <span class='ocrx_word' id='word_1_298' title='bbox 855 3357 985 3418; x_wconf 83' lang='lat' dir='ltr'><strong>qnantum</strong></span> <span class='ocrx_word' id='word_1_299' title='bbox 1005 3352 1034 3401; x_wconf 92' lang='lat' dir='ltr'><strong>in</strong></span> <span class='ocrx_word' id='word_1_300' title='bbox 1053 3349 1107 3401; x_wconf 90' lang='lat' dir='ltr'><strong>illis</strong></span> <span class='ocrx_word' id='word_1_301' title='bbox 1133 3359 1201 3412; x_wconf 86' lang='lat' dir='ltr'><strong>erat,</strong></span> 
     </span>
     <span class='ocr_line' id='line_1_34' title="bbox 117 3417 1197 3488; baseline 0.005 -20"><span class='ocrx_word' id='word_1_302' title='bbox 117 3417 277 3469; x_wconf 84' lang='lat' dir='ltr'><strong>oblitterata</strong></span> <span class='ocrx_word' id='word_1_303' title='bbox 297 3419 465 3488; x_wconf 79' lang='lat' dir='ltr'><strong>praemiique</strong></span> <span class='ocrx_word' id='word_1_304' title='bbox 491 3429 586 3488; x_wconf 78' lang='lat' dir='ltr'><strong>expers</strong></span> <span class='ocrx_word' id='word_1_305' title='bbox 614 3420 695 3470; x_wconf 89' lang='lat' dir='ltr'><strong>etin</strong></span> <span class='ocrx_word' id='word_1_306' title='bbox 729 3420 885 3471; x_wconf 83' lang='lat' dir='ltr'><strong>universum</strong></span> <span class='ocrx_word' id='word_1_307' title='bbox 921 3420 1032 3471; x_wconf 88' lang='lat' dir='ltr'><strong>silentio</strong></span> <span class='ocrx_word' id='word_1_308' title='bbox 1066 3421 1197 3473; x_wconf 84' lang='lat' dir='ltr'><strong>involuta.</strong></span> 
     </span>
     <span class='ocr_line' id='line_1_35' title="bbox 117 3487 1201 3557; baseline 0.004 -18"><span class='ocrx_word' id='word_1_309' title='bbox 117 3487 201 3539; x_wconf 88' lang='lat' dir='ltr'><strong>Porro</strong></span> <span class='ocrx_word' id='word_1_310' title='bbox 261 3487 297 3538; x_wconf 86' lang='lat' dir='ltr'><strong>od</strong></span> <span class='ocrx_word' id='word_1_311' title='bbox 313 3490 605 3557; x_wconf 82' lang='lat' dir='ltr'><strong>praestantissimorum</strong></span> <span class='ocrx_word' id='word_1_312' title='bbox 623 3490 773 3540; x_wconf 84' lang='lat' dir='ltr'><strong>animorum</strong></span> <span class='ocrx_word' id='word_1_313' title='bbox 786 3490 933 3542; x_wconf 72' lang='lat' dir='ltr'><strong>acrimonia</strong></span> <span class='ocrx_word' id='word_1_314' title='bbox 951 3489 1127 3554; x_wconf 84' lang='lat' dir='ltr'><strong>obtundatur,</strong></span> <span class='ocrx_word' id='word_1_315' title='bbox 1141 3503 1201 3543; x_wconf 85' lang='lat' dir='ltr'><strong>cum</strong></span> 
     </span>
     <span class='ocr_line' id='line_1_36' title="bbox 116 3503 1201 3632; baseline 0.005 -24"><span class='ocrx_word' id='word_1_316' title='bbox 116 3573 175 3610; x_wconf 89' lang='lat' dir='ltr'><strong>non</strong></span> <span class='ocrx_word' id='word_1_317' title='bbox 195 3503 384 3611; x_wconf 69' lang='lat' dir='ltr'><strong>miiisudanmr</strong></span> <span class='ocrx_word' id='word_1_318' title='bbox 410 3576 500 3629; x_wconf 89' lang='lat' dir='ltr'><strong>neque</strong></span> <span class='ocrx_word' id='word_1_319' title='bbox 524 3557 620 3611; x_wconf 87' lang='lat' dir='ltr'><strong>debito</strong></span> <span class='ocrx_word' id='word_1_320' title='bbox 645 3558 749 3612; x_wconf 86' lang='lat' dir='ltr'><strong>honore</strong></span> <span class='ocrx_word' id='word_1_321' title='bbox 767 3561 933 3623; x_wconf 85' lang='lat' dir='ltr'><strong>alliciuntur,</strong></span> <span class='ocrx_word' id='word_1_322' title='bbox 955 3561 1131 3632; x_wconf 79' lang='lat' dir='ltr'><strong>qsroclquccx</strong></span> <span class='ocrx_word' id='word_1_323' title='bbox 1148 3561 1201 3614; x_wconf 80' lang='lat' dir='ltr'><strong>hoc</strong></span> 
     </span>
     <span class='ocr_line' id='line_1_37' title="bbox 117 3627 1200 3702; baseline 0.004 -23"><span class='ocrx_word' id='word_1_324' title='bbox 117 3643 161 3679; x_wconf 78' lang='lat' dir='ltr'><strong>res</strong></span> <span class='ocrx_word' id='word_1_325' title='bbox 174 3628 299 3697; x_wconf 77' lang='lat' dir='ltr'><strong>publicae</strong></span> <span class='ocrx_word' id='word_1_326' title='bbox 311 3629 503 3681; x_wconf 87' lang='lat' dir='ltr'><strong>detrimentum</strong></span> <span class='ocrx_word' id='word_1_327' title='bbox 521 3631 665 3698; x_wconf 79' lang='lat' dir='ltr'><strong>accipiant,</strong></span> <span class='ocrx_word' id='word_1_328' title='bbox 680 3627 755 3702; x_wconf 87' lang='lat' dir='ltr'><strong>quod</strong></span> <span class='ocrx_word' id='word_1_329' title='bbox 768 3648 823 3682; x_wconf 90' lang='lat' dir='ltr'><strong>non</strong></span> <span class='ocrx_word' id='word_1_330' title='bbox 844 3639 915 3682; x_wconf 83' lang='lat' dir='ltr'><strong>recte</strong></span> <span class='ocrx_word' id='word_1_331' title='bbox 929 3641 1056 3684; x_wconf 77' lang='lat' dir='ltr'><strong>curentur</strong></span> <span class='ocrx_word' id='word_1_332' title='bbox 1074 3641 1101 3682; x_wconf 76' lang='lat' dir='ltr'><strong>ct</strong></span> <span class='ocrx_word' id='word_1_333' title='bbox 1118 3630 1200 3684; x_wconf 67' lang='lat' dir='ltr'><strong>‹leco-⁴</strong></span> 
     </span>
     <span class='ocr_line' id='line_1_38' title="bbox 117 3699 1198 3769; baseline 0.002 -19"><span class='ocrx_word' id='word_1_334' title='bbox 117 3707 215 3750; x_wconf 80' lang='lat' dir='ltr'><strong>rentur</strong></span> <span class='ocrx_word' id='word_1_335' title='bbox 233 3715 284 3760; x_wconf 84' lang='lat' dir='ltr'><strong>ea,</strong></span> <span class='ocrx_word' id='word_1_336' title='bbox 305 3716 373 3769; x_wconf 88' lang='lat' dir='ltr'><strong>quae</strong></span> <span class='ocrx_word' id='word_1_337' title='bbox 392 3709 527 3752; x_wconf 84' lang='lat' dir='ltr'><strong>contemta</strong></span> <span class='ocrx_word' id='word_1_338' title='bbox 546 3702 644 3762; x_wconf 83' lang='lat' dir='ltr'><strong>lacent,</strong></span> <span class='ocrx_word' id='word_1_339' title='bbox 674 3703 731 3750; x_wconf 83' lang='lat' dir='ltr'><strong>sive</strong></span> <span class='ocrx_word' id='word_1_340' title='bbox 749 3699 844 3751; x_wconf 85' lang='lat' dir='ltr'><strong>bellici</strong></span> <span class='ocrx_word' id='word_1_341' title='bbox 862 3703 923 3751; x_wconf 84' lang='lat' dir='ltr'><strong>sint·</strong></span> <span class='ocrx_word' id='word_1_342' title='bbox 936 3701 1052 3762; x_wconf 80' lang='lat' dir='ltr'><strong>labores,</strong></span> <span class='ocrx_word' id='word_1_343' title='bbox 1072 3704 1128 3754; x_wconf 86' lang='lat' dir='ltr'><strong>sive</strong></span> <span class='ocrx_word' id='word_1_344' title='bbox 1152 3705 1198 3753; x_wconf 89' lang='lat' dir='ltr'><strong>lit-</strong></span> 
     </span>
     <span class='ocr_line' id='line_1_39' title="bbox 117 3769 1200 3841; baseline 0.005 -21"><span class='ocrx_word' id='word_1_345' title='bbox 117 3777 249 3829; x_wconf 82' lang='lat' dir='ltr'><strong>tercrnm,</strong></span> <span class='ocrx_word' id='word_1_346' title='bbox 270 3769 515 3839; x_wconf 60' lang='lat' dir='ltr'><strong>disciplinanunc</strong></span> <span class='ocrx_word' id='word_1_347' title='bbox 535 3769 612 3822; x_wconf 84' lang='lat' dir='ltr'><strong>aliud</strong></span> <span class='ocrx_word' id='word_1_348' title='bbox 634 3769 775 3841; x_wconf 85' lang='lat' dir='ltr'><strong>quippiam</strong></span> <span class='ocrx_word' id='word_1_349' title='bbox 794 3787 896 3832; x_wconf 86' lang='lat' dir='ltr'><strong>eornm,</strong></span> <span class='ocrx_word' id='word_1_350' title='bbox 917 3786 986 3840; x_wconf 89' lang='lat' dir='ltr'><strong>qnae</strong></span> <span class='ocrx_word' id='word_1_351' title='bbox 1007 3771 1116 3822; x_wconf 76' lang='lat' dir='ltr'><strong>inanimi</strong></span> <span class='ocrx_word' id='word_1_352' title='bbox 1137 3783 1200 3825; x_wconf 86' lang='lat' dir='ltr'><strong>sunt</strong></span> 
     </span>
     <span class='ocr_line' id='line_1_40' title="bbox 116 3839 1198 3908; baseline 0.003 -17"><span class='ocrx_word' id='word_1_353' title='bbox 116 3839 266 3901; x_wconf 88' lang='lat' dir='ltr'><strong>momenti,</strong></span> <span class='ocrx_word' id='word_1_354' title='bbox 290 3839 392 3891; x_wconf 87' lang='lat' dir='ltr'><strong>dictum</strong></span> <span class='ocrx_word' id='word_1_355' title='bbox 411 3841 466 3892; x_wconf 87' lang='lat' dir='ltr'><strong>iam</strong></span> <span class='ocrx_word' id='word_1_356' title='bbox 485 3849 566 3892; x_wconf 81' lang='lat' dir='ltr'><strong>antea</strong></span> <span class='ocrx_word' id='word_1_357' title='bbox 584 3847 625 3892; x_wconf 74' lang='grc' dir='ltr'><strong>εει</strong></span> <span class='ocrx_word' id='word_1_358' title='bbox 646 3858 661 3890; x_wconf 93' lang='lat' dir='ltr'><strong>a</strong></span> <span class='ocrx_word' id='word_1_359' title='bbox 683 3841 823 3892; x_wconf 76' lang='lat' dir='ltr'><strong>veteribus</strong></span> <span class='ocrx_word' id='word_1_360' title='bbox 848 3841 1018 3908; x_wconf 83' lang='lat' dir='ltr'><strong>sapientibus</strong></span> <span class='ocrx_word' id='word_1_361' title='bbox 1037 3851 1065 3893; x_wconf 89' lang='lat' dir='ltr'><strong>et</strong></span> <span class='ocrx_word' id='word_1_362' title='bbox 1084 3843 1198 3894; x_wconf 79' lang='lat' dir='ltr'><strong>alenton-</strong></span> 
     </span>
     <span class='ocr_line' id='line_1_41' title="bbox 117 3909 1197 3983; baseline 0 -22"><span class='ocrx_word' id='word_1_363' title='bbox 117 3916 250 3975; x_wconf 75' lang='lat' dir='ltr'><strong>atratnm3</strong></span> <span class='ocrx_word' id='word_1_364' title='bbox 268 3910 403 3981; x_wconf 81' lang='lat' dir='ltr'><strong>facileque</strong></span> <span class='ocrx_word' id='word_1_365' title='bbox 420 3914 546 3982; x_wconf 78' lang='lat' dir='ltr'><strong>aquosis</strong></span> <span class='ocrx_word' id='word_1_366' title='bbox 563 3928 596 3962; x_wconf 85' lang='lat' dir='ltr'><strong>ex</strong></span> <span class='ocrx_word' id='word_1_367' title='bbox 614 3909 784 3983; x_wconf 77' lang='lat' dir='ltr'><strong>qarotidianis</strong></span> <span class='ocrx_word' id='word_1_368' title='bbox 803 3911 945 3963; x_wconf 83' lang='lat' dir='ltr'><strong>eventibus</strong></span> <span class='ocrx_word' id='word_1_369' title='bbox 963 3911 1082 3981; x_wconf 70' lang='lat' dir='ltr'><strong>intelligi</strong></span> <span class='ocrx_word' id='word_1_370' title='bbox 1100 3917 1197 3978; x_wconf 80' lang='lat' dir='ltr'><strong>potest·</strong></span> 
     </span>
     <span class='ocr_line' id='line_1_42' title="bbox 116 3979 1197 4052; baseline 0.001 -20"><span class='ocrx_word' id='word_1_371' title='bbox 116 3979 213 4032; x_wconf 80' lang='lat' dir='ltr'><strong>Eranni</strong></span> <span class='ocrx_word' id='word_1_372' title='bbox 240 3993 303 4031; x_wconf 80' lang='lat' dir='ltr'><strong>vero</strong></span> <span class='ocrx_word' id='word_1_373' title='bbox 331 3983 449 4050; x_wconf 85' lang='lat' dir='ltr'><strong>primum</strong></span> <span class='ocrx_word' id='word_1_374' title='bbox 471 3981 582 4051; x_wconf 88' lang='lat' dir='ltr'><strong>quidem</strong></span> <span class='ocrx_word' id='word_1_375' title='bbox 606 3981 815 4032; x_wconf 84' lang='lat' dir='ltr'><strong>insectationem</strong></span> <span class='ocrx_word' id='word_1_376' title='bbox 837 3981 972 4050; x_wconf 86' lang='lat' dir='ltr'><strong>quandam</strong></span> <span class='ocrx_word' id='word_1_377' title='bbox 997 3985 1144 4052; x_wconf 86' lang='lat' dir='ltr'><strong>suspicati,</strong></span> <span class='ocrx_word' id='word_1_378' title='bbox 1169 3991 1197 4033; x_wconf 83' lang='lat' dir='ltr'><strong>et</strong></span> 
     </span>
     <span class='ocr_line' id='line_1_43' title="bbox 117 4051 1197 4124; baseline 0.001 -23"><span class='ocrx_word' id='word_1_379' title='bbox 117 4051 204 4102; x_wconf 82' lang='lat' dir='ltr'><strong>multo</strong></span> <span class='ocrx_word' id='word_1_380' title='bbox 224 4067 285 4101; x_wconf 92' lang='lat' dir='ltr'><strong>cnm</strong></span> <span class='ocrx_word' id='word_1_381' title='bbox 305 4053 424 4103; x_wconf 89' lang='lat' dir='ltr'><strong>tumultu</strong></span> <span class='ocrx_word' id='word_1_382' title='bbox 449 4053 538 4120; x_wconf 75' lang='lat' dir='ltr'><strong>longis</strong></span> <span class='ocrx_word' id='word_1_383' title='bbox 564 4065 633 4122; x_wconf 75' lang='lat' dir='ltr'><strong>quos</strong></span> <span class='ocrx_word' id='word_1_384' title='bbox 650 4059 749 4102; x_wconf 76' lang='lat' dir='ltr'><strong>vocant</strong></span> <span class='ocrx_word' id='word_1_385' title='bbox 769 4051 853 4103; x_wconf 80' lang='lat' dir='ltr'><strong>mutis</strong></span> <span class='ocrx_word' id='word_1_386' title='bbox 881 4053 993 4122; x_wconf 70' lang='lat' dir='ltr'><strong>egressi,</strong></span> <span class='ocrx_word' id='word_1_387' title='bbox 1018 4061 1197 4124; x_wconf 84' lang='lat' dir='ltr'><strong>posteaquam</strong></span> 
     </span>
     <span class='ocr_line' id='line_1_44' title="bbox 116 4122 1197 4194; baseline 0.002 -23"><span class='ocrx_word' id='word_1_388' title='bbox 116 4122 279 4174; x_wconf 83' lang='lat' dir='ltr'><strong>Belisarium</strong></span> <span class='ocrx_word' id='word_1_389' title='bbox 306 4131 459 4174; x_wconf 81' lang='lat' dir='ltr'><strong>revocatum</strong></span> <span class='ocrx_word' id='word_1_390' title='bbox 483 4122 567 4172; x_wconf 78' lang='lat' dir='ltr'><strong>scrisse</strong></span> <span class='ocrx_word' id='word_1_391' title='bbox 593 4128 761 4190; x_wconf 82' lang='lat' dir='ltr'><strong>cognorunt,</strong></span> <span class='ocrx_word' id='word_1_392' title='bbox 795 4133 886 4192; x_wconf 78' lang='lat' dir='ltr'><strong>neque</strong></span> <span class='ocrx_word' id='word_1_393' title='bbox 910 4123 980 4176; x_wconf 82' lang='lat' dir='ltr'><strong>nlius</strong></span> <span class='ocrx_word' id='word_1_394' title='bbox 998 4125 1141 4194; x_wconf 84' lang='lat' dir='ltr'><strong>quisquam</strong></span> <span class='ocrx_word' id='word_1_395' title='bbox 1167 4123 1197 4173; x_wconf 82' lang='lat' dir='ltr'><strong>in</strong></span> 
     </span>
     <span class='ocr_line' id='line_1_45' title="bbox 118 4189 804 4261; baseline 0.003 -21"><span class='ocrx_word' id='word_1_396' title='bbox 118 4193 193 4261; x_wconf 76' lang='lat' dir='ltr'><strong>ipsos</strong></span> <span class='ocrx_word' id='word_1_397' title='bbox 209 4199 349 4254; x_wconf 76' lang='lat' dir='ltr'><strong>moveret,</strong></span> <span class='ocrx_word' id='word_1_398' title='bbox 370 4191 473 4246; x_wconf 85' lang='lat' dir='ltr'><strong>lentius</strong></span> <span class='ocrx_word' id='word_1_399' title='bbox 490 4207 595 4245; x_wconf 78' lang='lat' dir='ltr'><strong>marum</strong></span> <span class='ocrx_word' id='word_1_400' title='bbox 610 4189 804 4260; x_wconf 77' lang='lat' dir='ltr'><strong>procedebant</strong></span> 
     </span>
    </p>
   </div>
   <div class='ocr_carea' id='block_1_5' title="bbox 0 0 1454 4792">
    <p class='ocr_par' dir='ltr' id='par_1_5' title="bbox 0 0 1454 4792">
     <span class='ocr_line' id='line_1_46' title="bbox 0 0 1454 4792; baseline 0 2"><span class='ocrx_word' id='word_1_401' title='bbox 0 0 1454 4792; x_wconf 95' lang='lat' dir='ltr'><strong> </strong></span> 
     </span>
    </p>
   </div>
  </div>
 </body>
</html>
