2900 4792
245 179 299 281 So
681 159 891 286 totnani

100 395 128 445 Α.
142 391 171 444 C.
188 393 238 447 ⁵5³
247 367 410 460 άσφαλοῦς
425 363 625 462 άγωνίζοιντο
639 373 696 449 τάς
716 365 854 450 ἀσπίδας
867 374 1128 458 προβεβλημένοι,
1149 371 1189 437 τά
1211 373 1247 436 δέ
1262 363 1333 436 iun

143 465 163 516 Ι·
173 464 193 518 ¹·
202 481 234 534 ’λ
246 477 359 542 σθίάια
376 478 421 565 cpi
439 469 582 562 ἀλλήλοις
597 467 825 555 άντιτετάχθαι
840 469 1112 557 διαφυλάττοιντο.

328 574 372 641 θ’.
407 573 507 642 Ἀλλά
526 573 586 660 γάρ
611 575 656 660 τῷ
680 571 813 658 Ναροῇ,
849 567 950 654 τάχης
973 594 1009 633 τε
1028 568 1132 646 αἰσίας
1149 571 1335 656 κυρῆσαντι,

246 673 302 741 κατ’
309 675 348 740 τὸ
364 674 519 761 πρακτέον
532 665 649 756 άριστα
661 675 928 758 μηχανησαμένη),
950 664 1074 734 άπαντα
1089 672 1121 745 ές
1135 671 1204 734 δέον
1222 665 1335 755 άπέβη.

215 771 355 858 niuosis}
381 770 441 859 γάρ
468 769 498 836 οἱ
526 769 682 856 βάρβαροι
710 767 768 848 ξάν
790 773 851 855 βοῇ
871 769 967 858 πολλῇ
991 765 1046 831 καί
1067 759 1237 855 άλαλαγμιβ
1259 765 1356 853 δρα-5

244 881 335 954 μαῖοι
352 870 596 951 ἐπανελθόντες,
617 866 815 955 συνέρραξαν
829 875 894 944 τοῖς
917 866 1111 950 Ῥωμαίοις,
1133 861 1248 930 αὐτίκα
1268 867 1335 930 διέ-

245 995 355 1036 σεισαν
369 968 444 1047 ταάς
459 967 514 1034 tm*
529 970 573 1056 τῷ
589 965 721 1055 ὄμφαλρλ
737 965 959 1053 πρωτοστάτας
986 961 1073 1054 άμφέ
1091 963 1127 1030 τὸ
1139 967 1264 1048 κένωμα
1280 965 1337 1029 έσ-

245 1070 400 1147 πεσόντες
439 1060 527 1134 oinos
547 1064 608 1153 γάρ
633 1069 777 1152 παρῆσαν
798 1057 997 1152 οἱἜρουλοι,
1018 1063 1088 1151 ἥτε
1107 1059 1209 1152 άρχῆ,
1230 1065 1337 1128 διατε-

244 1171 349 1250 μοῦσα
365 1167 401 1232 τά
419 1163 521 1251 βάθος
544 1168 608 1230 τῶν
626 1167 746 1249 λόχων,
767 1164 822 1230 καί
835 1166 930 1254 φόνον
944 1158 989 1230 οά·
1003 1163 1101 1232 πολάν
1124 1165 1334 1252 ἐργασαμένη,

245 1269 327 1355 άπέρ
345 1265 420 1343 roric
439 1261 595 1352 οάραγοάς
619 1267 783 1350 ἐξηνέχθη.
804 1263 883 1332 ἔνιοι
900 1267 936 1330 δέ
950 1264 1057 1331 atros
1083 1264 1138 1342 καί
1156 1263 1384 1349 περαιτέρωιο

246 1369 389 1452 έχιέρουν
413 1367 458 1442 ὥς
480 1365 517 1430 τά
541 1361 754 1450 στρατόπεδον
773 1367 837 1431 τεάν
855 1363 1027 1446 Ῥωμαίων
1050 1365 1239 1451 αἱρήσοντες.
1267 1358 1339 1426 τότε

246 1465 322 1549 sisini
347 1467 479 1550 Ναρσῆς
494 1463 677 1546 έπικάμφας
694 1464 799 1549 η’ρέμα
823 1462 880 1527 καί
893 1463 1095 1548 άπομηκύνας
1115 1461 1156 1527 τά
1176 1465 1262 1548 κέρα,
1283 1459 1341 1526 καί

246 1559 434 1644 ἐπικάμπιον
454 1561 650 1647 έμπροσθάιν
673 1563 688 1648 (
698 1561 743 1636 αἱς
761 1555 800 1626 rie
823 1559 854 1626 οἱ
877 1560 1019 1626 τακτικοέ
1041 1555 1246 1648 ὄνομάοαιεν)
1278 1556 1339 1644 τὴν

247 1661 394 1746 φάλαγγα
414 1662 613 1745 καταστήσας
620 1712 631 1743 ,
665 1657 907 1747 παρακελεύεται
928 1668 994 1738 τοῖς
1012 1657 1227 1740 ἱπποτοξόταις
1246 1660 1338 1746 έφιέ-

244 1784 299 1825 ναι
322 1758 363 1824 τά
381 1764 458 1846 βέλη
476 1757 670 1844 ἑκατέρωθεν
693 1761 884 1846 έναλλάγδην
899 1763 932 1838 ές
946 1757 986 1824 τά
1002 1759 1186 1847 μετάφρενα
1199 1761 1263 1824 τῶν
1280 1764 1387 1827 rso-15

245 1855 371 1940 λεμίοιν.
400 1857 488 1923 οἶδέ
512 1856 592 1924 κατά
613 1859 716 1924 varica
742 1855 856 1948 ῥηιδίως
878 1857 1016 1924 έποίουν.
1057 1853 1113 1922 cira
1136 1855 1195 1945 γάρ
1224 1855 1340 1936 πεζοάς

168 1949 342 2036 kasimir
364 1955 438 2033 τούς
453 1956 638 2044 βαρβάρους
655 1959 691 2022 έκ
710 1958 774 2022 τῶν
789 1959 893 2024 ἵππων
909 1957 1174 2044 άπερανέχοντες,
1201 1953 1340 2020 εάκολεά-

244 2083 325 2122 τατα
341 2051 492 2142 ἠδύναντο
507 2057 634 2141 βάλλειν
650 2055 687 2122 τὸ
707 2056 884 2145 άφεοτηκός
911 2057 966 2122 καὶ
979 2055 1163 2142 ἧπλωμένον
1177 2055 1234 2121 καί
1247 2054 1339 2121 tiss-

245 2161 341 2243 θερον
360 2159 417 2220 τοῦ
434 2159 707 2243 έπιπρασθοῦιτος.
735 2155 790 2220 καί
804 2149 843 2241 ἦν
861 2151 898 2222 osi
917 2155 1064 2240 χαλεπὸν,
1082 2151 1180 2239 οἶμαι,
1199 2163 1265 2231 τοῖς
1283 2157 1341 2220 ins*

244 2258 308 2320 τῶν
324 2251 429 2342 άκροιν
447 2255 592 2332 ἱππόταις
631 2255 676 2322 ’τά
700 2259 760 2338 μέν
779 2255 860 2321 κατά
878 2258 961 2342 σφᾶς
977 2259 1072 2342 μέρος
1090 2257 1152 2321 reis
1174 2257 1384 2337 δυσμενῶναο

247 2353 303 2420 καὶ
319 2351 547 2438 πλησιαίτατον
568 2355 773 2440 ὑπερβαίνειν
797 2361 862 2432 τοϊς
886 2359 1010 2438 βέλεσι,
1039 2352 1115 2430 τούς
1142 2355 1176 2419 δέ
1199 2345 1334 2436 άντικρά

249 2455 460 2537 φαινομένους
476 2451 669 2539 τιτρώσκειν.
697 2455 919 2538 διεπερυνῶντο
935 2455 1104 2538 τοιγαροῦν
1121 2451 1277 2516 πάντοθεν
1294 2449 1336 2515 τά

282 2571 305 2607 a.
314 2551 439 2604 ὀπίσθια
450 2549 541 2605 oscito
551 2553 627 2606 Snid.
663 2555 688 2609 5.
697 2556 787 2626 πολλῇ
796 2555 857 2607 add.
871 2572 905 2607 ex
915 2556 942 2606 1³..
960 2563 989 2606 et
997 2555 1080 2623 lntpr.
1090 2571 1151 2608 cum
1161 2555 1279 2608 clamere
1291 2555 1340 2608 irr-

279 2624 364 2693 gsrsts'.
375 2625 403 2677 6.
411 2623 514 2676 αὐτίκα
520 2622 551 2676 δέ
559 2627 588 2676 λλ.
610 2626 857 2694 ιι.αέρὴσαντεςλλ
881 2643 918 2678 ια.
929 2622 964 2676 τά
983 2627 1052 2697 κέρα
1060 2627 1099 2696 λλ,ι
1108 2621 1142 2677 τά
1154 2628 1256 2694 κέρατα
1267 2627 1336 2696 vulg.

245 2724 321 2770 etex
334 2726 394 2772 tuto
412 2720 604 2789 confligerent,
626 2721 709 2771 scutis
728 2721 858 2792 protecti3
879 2731 955 2792 terga
968 2737 1033 2774 vero
1052 2730 1146 2775 mutua
1161 2723 1208 2776 iila
1222 2724 1295 2774 inter
1307 2740 1338 2776 sc

248 2790 479 2860 contrapositione
493 2797 644 2843 tuerentur.

315 2879 340 2929 9.
376 2861 483 2913 Narseti
503 2870 613 2922 nutem,
632 2866 660 2911 et
675 2877 832 2930 prosperam
849 2863 987 2916 fortunam
1008 2870 1104 2928 nacto,
1137 2862 1239 2934 quique
1262 2863 1339 2934 quoii

246 2931 318 2983 facto
332 2939 392 2984 erat
408 2949 476 3000 opus
489 2932 592 3001 optime
609 2931 788 3000 excogitarat,
805 2939 903 2986 cuncta
920 2951 953 2986 cx
971 2935 1056 2984 animi
1076 2935 1212 2986 sententia
1228 2951 1338 2984 succes-

245 3017 315 3058 sere.
350 3001 497 3074 Postquam
522 3003 596 3053 enim
634 3001 745 3054 barbari
765 3004 868 3074 ingenti
889 3005 1006 3056 clamore
1030 3005 1194 3076 ululatuque
1218 3005 1340 3056 excitato

245 3071 406 3126 concitatius
425 3069 586 3142 precinentes
602 3071 739 3140 impeturn
755 3073 785 3123 in
801 3075 934 3126 Romanos
950 3075 1087 3137 iecerunt,
1104 3075 1246 3126 confestim
1258 3083 1341 3126 antc-

243 3142 370 3211 signnnos
387 3143 480 3194 aredio
495 3144 570 3196 inter
586 3141 641 3195 dno
656 3143 828 3195 cornualoco
841 3153 942 3198 stantes
958 3155 1165 3214 perrumpentes
1183 3147 1211 3198 in
1222 3161 1341 3197 vacuum
1372 3185 1377 3192 .

244 3213 325 3264 itinm
339 3213 475 3266 exercitus
499 3214 590 3265 iocum
611 3213 766 3278 irruerunt3
790 3231 879 3284 neque
904 3218 979 3268 enim
1001 3215 1090 3266 adhuc
1105 3217 1201 3268 Heruli
1219 3215 1342 3268 advene-

243 3291 318 3336 rant:
339 3292 367 3335 et
384 3287 471 3350 prlrna
495 3281 608 3353 quidem
630 3283 768 3336 barbarici
795 3285 930 3337 exercitus
947 3303 1024 3355 pars,
1053 3287 1186 3353 perfracta
1209 3285 1342 3339 ordinum

243 3355 330 3415 serie,
355 3362 385 3406 et
401 3351 484 3404 caede
503 3370 560 3404 non
574 3370 672 3423 magna
688 3354 781 3418 edita,
803 3355 833 3406 in
856 3365 1021 3424 postremum
1041 3357 1110 3407 aciei
1132 3374 1227 3427 agmen
1246 3355 1342 3410 delata

243 3431 300 3486 est,
327 3422 454 3474 nonnulii
471 3439 535 3475 vero
552 3423 637 3474 etiarn
654 3424 769 3477 ulterius
781 3427 933 3496 progressi,
952 3435 1083 3496 tanquam
1098 3429 1342 3480 Romanorumca-

243 3500 300 3545 stra
315 3493 431 3563 capturi.
468 3493 539 3544 Tum
563 3491 661 3546 Narses
681 3494 789 3548 inflexis
813 3495 916 3548 sensim
937 3497 1125 3567 porrectisque
1142 3498 1211 3562 niis,
1233 3500 1342 3551 inversa

243 3565 315 3614 aciei
337 3565 428 3616 fronte
442 3561 531 3635 (qnod
546 3566 612 3616 artis
629 3565 705 3617 illius
718 3564 801 3635 periti
818 3567 1000 3637 ἐπικάμπιον
1022 3567 1209 3638 έμπροσθέαν
1221 3585 1343 3622 vocene·

246 3634 315 3703 rint)
338 3633 479 3703 equitibus
502 3634 651 3703 sagittariis
675 3635 803 3699 mandet,
832 3646 863 3689 nt
889 3639 1018 3708 utrinqne
1035 3639 1146 3707 sagittas
1165 3641 1195 3690 in
1214 3640 1342 3692 hostium

245 3711 321 3774 terge
340 3713 436 3755 mutuo
458 3704 600 3771 emittant3
628 3705 704 3774 quod
730 3715 759 3758 et
778 3707 830 3776 ipsi
851 3707 932 3759 snciie
950 3709 1131 3776 praestabant.
1174 3710 1242 3763 Cnm
1265 3712 1345 3764 enirn

246 3773 357 3828 barbari
372 3771 479 3842 pedites
495 3784 602 3839 essent,
617 3776 670 3843 ipsi
687 3793 720 3827 ex
733 3777 810 3846 equis
826 3778 957 3830 editiores
976 3781 1124 3832 existentes
1138 3780 1268 3834 facillime
1285 3798 1344 3850 po-

240 3851 337 3898 terant
349 3845 433 3896 serirs
448 3843 580 3896 distantes
603 3861 801 3917 expansosque,
817 3865 852 3899 ne
873 3866 908 3900 ne
923 3851 962 3902 eis
974 3854 1096 3908 anterius
1112 3851 1225 3904 officere
1241 3853 1342 3906 valen-

239 3921 290 3967 tes.
313 3915 411 3986 Neque
423 3923 482 3966 erat
496 3913 612 3967 difficile
627 3915 745 3968 arbitror
764 3867 906 4002 equitiirra
925 3919 960 3971 nd
976 3923 1161 3974 extremitates
1179 3925 1343 3978 constitutis

240 3986 384 4054 proximos
401 3981 457 4036 sibi
475 3991 505 4036 et
529 4002 610 4056 qnsrn
628 3988 745 4047 maxime
769 3989 875 4041 ricinos
899 3988 991 4042 hostes
1009 3995 1112 4061 sagittis
1137 3995 1340 4062 transmittere5

241 4072 289 4109 eos
309 4067 373 4109 vero
398 4055 447 4126 qui
470 4071 503 4108 ex
524 4053 636 4109 adverso
658 4057 899 4128 conspiciebantur
921 4063 1070 4117 vulnerare.
1114 4063 1340 4118 Traiiciebantur

241 4126 340 4200 itaque
352 4125 464 4182 Francis
478 4126 554 4180 omni
571 4143 606 4182 ex
622 4136 701 4197 parte
717 4139 803 4200 terga,
821 4131 948 4186 Romanis
964 4131 1076 4203 quidem
1093 4135 1142 4206 qui
1156 4133 1193 4190 ari
1208 4136 1339 4191 dextrum
