2900 4792
242 200 325 289 καθ
699 224 909 295 λῦλτΗλλΕ

97 402 168 456 se.
180 385 306 459 osores
324 384 461 470 Περσῶν
476 382 682 469 ελσφοιτὴσεις
700 380 841 467 όθρόους
859 380 1015 465 γενέσθαι,
1044 373 1252 455 ἀπειθοῦντος
1267 381 1328 461 μὲν

136 475 188 530 U
206 478 380 568 ’θόναιθην
399 483 459 546 τοῦ
474 484 648 563 δυσμενοῦς
668 482 724 545 κατ’
745 481 1001 563 διαμαχομένου,
1021 482 1081 542 rosi
1103 480 1138 544 δὲ
1158 478 1275 554 παντός
1296 476 1330 542 ἔ-

248 588 350 659 θνους
364 580 421 645 κατ’
431 578 521 661 μάλα
536 578 596 664 την
611 578 724 645 στάσιν
738 579 964 665 προσιεμένου,
982 579 1026 666 τῷ
1040 573 1119 664 πρός
1136 574 1191 662 τὴν
1209 576 1331 660 κίνησιν

247 684 312 747 τών
329 675 537 744 καθεστώτων
550 676 824 763 βαρβαρικώτερον
842 675 941 763 ὁρμῆς
958 678 1153 761 πεφυκέναι,
1183 675 1237 739 καί
1252 669 1330 760 πρός

115 810 119 818 ·
211 792 280 864 Βγε
298 776 429 862 πλησίον
447 773 533 859 ἔχειν
555 774 630 850 roric
654 776 898 857 ἀνθεξομένους,
928 769 1087 860 τοιγάρτοι
1111 770 1166 837 τόν
1186 770 1350 859 ἄρχηγόνό

244 879 336 964 ἦμεῖς
354 878 411 960 τῆς
438 878 607 959 ἐπιβουλῆς
626 870 804 955 ἀνελόντες,
836 874 993 939 τοσούτων
1024 874 1200 959 συμφορῶν
1232 870 1331 954 ἑσμόν

246 974 392 1063 παρόντα
406 966 467 1059 ἤδη
488 978 543 1038 καί
561 970 753 1054 ώόινόμενον
769 967 854 1036 οότω
871 996 939 1047 πως
954 970 1153 1036 εόκολώτατα
1172 974 1333 1035 roconod-

247 1097 358 1156 σαμτν,
370 1071 415 1148 ώς
432 1074 490 1138 νῦν
502 1072 707 1137 ἀπιστεῖσθαι
718 1072 901 1159 περιφανῶς
916 1068 1001 1157 εἴπερ
1019 1064 1100 1145 όλως
1114 1094 1147 1133 τι
1165 1066 1220 1134 καὶ
1237 1061 1334 1153 ἤμελ-

247 1180 301 1240 λεν
324 1170 464 1238 ἔσεσθαι.

332 1276 356 1337 ι’.
396 1268 480 1355 ,,Μὴ
497 1270 613 1352 τοίνυν,
633 1262 662 1335 oi
678 1266 830 1353 όικαστόι,
850 1260 907 1355 την
920 1266 1083 1353 ἐπιστολὴν
1100 1264 1379 1355 προφερόντων,ιο

244 1372 326 1456 μηδὲ
344 1367 533 1449 κακιζόντων
546 1365 633 1453 ἡμᾶς
645 1368 689 1444 ώς
707 1367 746 1454 δη
762 1377 829 1445 τοῖς
849 1370 884 1433 ἐν
898 1366 979 1454 αὐτῇ
993 1370 1217 1453 γεγραμμένοις
1235 1367 1334 1430 odio-

245 1474 313 1553 μῶς
335 1464 598 1553 ἠκολουθηκότας.
628 1468 675 1557 τῷ
690 1468 750 1553 γὰρ
776 1462 813 1531 οὗ
835 1466 907 1534 λίαν
926 1458 1076 1551 εόδηλον,
1106 1463 1149 1542 ώς
1170 1464 1206 1532 τό
1223 1466 1337 1551 γεγρά-

246 1572 341 1654 φθαι,
365 1568 485 1653 χρῆναι
508 1563 589 1652 πρός
605 1563 664 1649 τὴν
678 1568 833 1648 βασιλέως
852 1562 951 1629 αὐτόν
964 1562 1055 1630 πόλιν
1071 1566 1162 1647 ἰέναι,
1179 1556 1337 1649 ἇπόπειρα

245 1668 317 1746 μὲν·
331 1658 368 1729 όν
389 1664 514 1749 όπῆρχε
540 1663 596 1729 κατ’
625 1666 783 1747 βάσανος,
816 1662 902 1749 εἴπερ
926 1664 1127 1749 αὐθαιρέτως
1162 1660 1239 1728 εἴκοι
1269 1670 1337 1739 τοῖς

149 1766 542 1849 Ρ.119προσταιτομι”νοις,
571 1759 653 1829 ώστε
677 1761 808 1839 δικαίως
824 1760 1027 1849 ἁρμόσασθαι
1034 1787 1045 1844 3
1064 1764 1206 1847 γνωσθὲν
1229 1760 1381 1833 τοτ’νυνι5

174 1861 374 1950 λλδλρρόιίος
394 1863 470 1947 ἡμῖν
493 1860 528 1928 τό
545 1862 738 1948 ἅνηκουστον
754 1865 809 1947 τῆς
829 1859 953 1947 γνώμης
968 1866 1023 1927 καί
1038 1858 1272 1943 ἁμιλλώμενον,
1295 1864 1340 1925 δι’

246 1958 268 2027 ,ό
287 1959 323 2025 τό
344 1960 470 2034 ἔλαττον
485 1961 692 2044 ἀπεσείσατο,
715 1962 783 2037 πῶς
802 1962 856 2025 ἕπτ’
879 1961 915 2025 τό
930 1962 1039 2041 μεῖζον
1056 1958 1122 2025 ἔδει
1141 1964 1339 2046 προτρέπειν,

249 2060 305 2127 καί
322 2061 366 2145 μὴ
390 2063 510 2127 θιῖττον
530 2062 577 2137 εἷς
593 2062 691 2126 ἐκεῖνο
707 2058 744 2125 τό
768 2064 866 2147 πέρας
884 2061 989 2125 ἐλθεῖν
1000 2110 1010 2142 ,
1039 2062 1084 2147 εἷς
1101 2054 1195 2146 ὅπερ,
1216 2062 1340 2125 πολλῶν

251 2161 387 2247 ἐνμέσῳ
409 2157 653 2245 συμβεβηκότων
679 2160 809 2242 δεινῶν,
841 2156 920 2245 πρός
940 2156 1075 2243 όνόγκης
1096 2162 1153 2224 καὶ
1170 2156 1215 2236 ώς
1230 2160 1341 2247 περιη-

260 2306 263 2311 ·
322 2306 347 2341 a.
357 2283 479 2350 όναίόην
494 2288 523 2336 ll.
533 2294 561 2339 et
569 2288 652 2356 lntpr.
664 2299 696 2340 nt
706 2286 792 2341 bostis
803 2284 1063 2357 impudentissimus,
1076 2282 1179 2351 α’νέιλην
1188 2288 1257 2357 vulg.
1313 2290 1339 2341 3.

320 2358 565 2479 &Sitillia
586 2355 1006 2485 iaiiiii'isiiiiiii'bn
1051 2356 1241 2480 ⁵'oiii‘lzss'l
1265 2356 1341 2480 rap

323 2446 481 2559 cainaea»
497 2461 547 2546 ια’
566 2446 622 2550 μα.
639 2500 689 2549 ιω
705 2496 743 2566 τῷ
758 2500 786 2549 n.
803 2444 861 2549 ξομ
930 2444 1051 2561 {rosilo
1068 2465 1108 2560 n,
1127 2444 1249 2563 rinion
1267 2464 1342 2565 vulg,

327 2567 366 2621 ιθ
392 2557 483 2618 adria
509 2564 570 2616 add.
600 2582 634 2617 ex
658 2570 688 2619 ll.
781 2570 818 2621 15.
843 2566 909 2619 Inde
938 2586 954 2619 a
978 2568 1061 2619 verbo
1080 2569 1342 2639 προσταττομένοις

323 2634 389 2687 (lod.
409 2638 472 2687 lla
498 2636 609 2687 librario
632 2636 785 2705 alienigena
809 2644 838 2691 et
863 2640 951 2707 groeci
977 2640 1108 2690 sermonis
1134 2655 1222 2707 poene
1245 2641 1341 2708 ignaro

324 2706 438 2773 scriptos
457 2714 507 2768 est,
525 2707 572 2775 qui
582 2706 661 2775 siglas
681 2708 799 2778 exempli
819 2708 861 2759 sui
879 2725 935 2760 non
952 2708 1138 2779 intelligebat:
1157 2711 1233 2762 cuius
1246 2706 1340 2760 bomi-

323 2776 368 2826 nis
385 2776 475 2844 lapsus
501 2777 624 2827 infinitos
641 2792 698 2829 non
717 2780 925 2831 omncsnotovi.
1012 2782 1052 2835 ιθ.
1069 2779 1119 2831 Pro
1134 2769 1175 2849 μη
1194 2782 1223 2831 li.
1248 2778 1294 2829 bie
1312 2782 1342 2828 et

273 2888 277 2896 .
326 2861 405 2913 saepe
429 2846 530 2898 deinde
546 2844 627 2917 μηδὲ.
702 2866 741 2919 ¹9·
762 2848 967 2921 περιὴχθωμτν
983 2850 1012 2903 ll.

254 2939 476 2993 tae-defectioni
499 2949 528 2992 et
548 2939 687 2995 Persarum
716 2942 864 3011 irruptioni
891 2960 982 2995 ansam
1012 2942 1253 3011 praebuissemus,
1279 2954 1341 2989 curn

255 3014 381 3065 universa
402 3009 470 3061 boec
488 3012 563 3063 natio
587 3011 687 3064 mirum
706 3011 737 3063 iu
758 3014 869 3065 modum
890 3014 926 3064 sit
947 3020 1092 3064 contumax
1123 3019 1152 3063 et
1173 3009 1285 3063 rebellis
1313 3016 1342 3060 et

256 3082 399 3133 seditionis
407 3079 484 3133 valde
498 3078 630 3144 studiosa,
640 3082 715 3153 quod
723 3082 853 3135 videlicet
864 3082 1032 3134 barbaricum
1044 3082 1073 3132 in
1080 3098 1182 3133 morem
1195 3078 1230 3131 ad
1241 3080 1342 3131 immu-

254 3153 369 3203 tandum
385 3160 484 3203 statum
497 3168 587 3201 rerum
600 3153 764 3204 naturaliter
780 3156 817 3203 sit
827 3168 980 3221 propensa;
998 3168 1058 3203 curn
1072 3154 1218 3224 praecipue
1231 3151 1261 3201 iu
1276 3165 1343 3218 pro-

255 3224 361 3292 pinquo
375 3220 605 3283 ossentbabituri,
617 3224 666 3291 qui
676 3222 749 3290 ipsos
757 3220 872 3273 tuendos
880 3222 1062 3291 susciperent?
1081 3222 1136 3275 Nos
1147 3225 1249 3293 itaque,
1262 3221 1342 3286 prin-

259 3294 321 3361 cipe
337 3289 479 3342 seditionis
499 3290 653 3353 interiecto,
669 3299 804 3343 tantorum
818 3292 1001 3345 calamitatum
1016 3310 1129 3345 examen
1146 3295 1199 3343 iam
1215 3306 1342 3361 praesens

258 3369 342 3431 atque
355 3357 545 3429 suppullulaus
558 3359 612 3411 hoc
626 3360 736 3414 tandem
751 3360 831 3414 modo
849 3361 978 3415 facillime
993 3364 1207 3433 compressimus,
1224 3360 1291 3413 adeo
1303 3366 1344 3417 ,ut

258 3448 332 3484 nuuc
341 3446 396 3481 non
406 3427 640 3497 credaturaperte,
649 3448 683 3483 ou
693 3432 722 3483 in
732 3433 887 3483 universum
899 3434 1004 3504 aliquid
1013 3435 1094 3485 etism
1103 3434 1223 3486 futurum
1232 3430 1322 3483 luerit.

332 3518 369 3551 ¹⁰·
388 3500 537 3558 „Desinant
555 3516 617 3568 ergo
635 3520 724 3565 nunc,
751 3518 768 3553 o
792 3501 891 3566 iudex,
921 3503 1063 3571 epistolam
1088 3504 1228 3573 prolerre,
1251 3512 1340 3569 noque

258 3588 307 3621 nos
326 3569 464 3631 damnent,
479 3568 554 3638 quod
579 3586 672 3622 earum
693 3572 849 3624 mandatum
872 3576 959 3625 secuti
985 3592 1041 3625 non
1063 3576 1154 3626 simus.
1197 3572 1248 3625 cui
1269 3572 1341 3622 caim

257 3656 315 3690 non
331 3640 415 3690 suerit
423 3637 607 3703 manifestum,
622 3640 653 3691 id
665 3642 740 3711 quod
750 3642 911 3695 litterisillis
927 3644 1153 3713 perscribebatur,
1170 3652 1292 3714 oportere
1308 3637 1342 3687 il-

258 3709 316 3760 lum
340 3710 498 3775 Byzantium
520 3710 574 3773 ire,
602 3711 728 3764 tentandi
752 3721 858 3765 tantum
886 3714 1101 3784 explorandique
1127 3732 1218 3767 causas
1240 3709 1343 3761 factum

259 3778 362 3843 foisse,
383 3796 418 3831 an
441 3796 489 3831 sus
511 3787 608 3849 sponte
633 3784 728 3851 aequis
752 3783 887 3835 mandatis
913 3794 985 3837 esset
1012 3784 1264 3854 obtemperaturus,
1292 3778 1342 3829 ἥθ’

260 3866 315 3919 que
331 3866 361 3902 se
379 3850 441 3902 iure
461 3849 710 3904 accommodaturos
728 3851 740 3903 ἲ
776 3852 843 3905 Cum
862 3855 954 3925 itaque
971 3854 1051 3907 nobis
1073 3852 1159 3920 ipsius
1177 3849 1259 3901 animi
1276 3864 1341 3916 per-

258 3920 359 3972 vicacia
386 3928 415 3971 et
436 3922 574 3990 protervia
594 3921 675 3974 facile
699 3930 772 3976 esset
796 3924 923 3995 cognito,
948 3942 1007 3978 curn
1029 3919 1058 3973 ld
1080 3919 1154 3992 qood
1175 3920 1262 3972 minus
1284 3926 1343 3969 erat

259 3988 439 4052 detrectaret,
458 4007 513 4060 quo
531 3999 612 4059 pacto
631 3991 666 4043 sd
686 3992 717 4045 id
759 3993 812 4046 nod
835 3994 923 4045 maius
946 3999 1003 4043 erat
1016 4006 1077 4043 eum
1098 3992 1211 4043 incitare
1230 3996 1342 4057 oporte-

258 4058 324 4122 bat,
342 4068 371 4113 et
389 4076 446 4113 non
494 4062 566 4113 otius
597 4064 688 4113 statim
718 4010 756 4113 ad
787 4070 905 4113 extrema
929 4060 1049 4113 remedia
1074 4064 1189 4123 venire,
1211 4054 1245 4111 ad
1272 4074 1342 4127 quoe

258 4130 353 4185 multis
370 4131 477 4201 urgen'
499 4148 530 4185 us
549 4132 629 4184 malis
639 4132 792 4187 necessario
802 4130 1036 4201 pervenissemus?
1054 4130 1110 4202 Qui
1120 4132 1193 4185 enirn
1210 4136 1343 4201 opportu-
