2900 4792
251 216 340 318 84*
671 239 881 306 suumne
973 189 976 196 ⁴

123 407 317 468 Α,0.553ναν
335 395 567 478 ἐξηπατημένοι
600 392 630 456 oi
653 394 689 456 δὲ
709 387 797 478 ἀμφὶ
814 389 968 456 Σίνδοοαλ
988 378 1046 450 oia
1067 387 1212 466 ἀνίεσαν,
1246 376 1316 447 ἀλλ’

157 479 244 550 tin
254 493 419 572 ἐνέκειντο,
438 494 497 568 ἕως
508 488 584 565 τούς
595 491 654 572 μὲν
668 489 907 576 κατεστόρεσαν,
927 485 957 550 οἱ
976 488 1016 550 δέ
1030 487 1063 560 ές
1079 482 1136 560 τάς
1151 485 1205 547 τοῦ
1223 505 1318 546 ποτα-

249 594 313 674 μσῦ
329 589 471 666 ἐξέπεσον
484 590 581 664 δίνας.
602 584 684 653 uiuo
696 613 732 654 τε
746 591 810 654 τάν
835 583 990 672 Ἔροόλιαν
1009 585 1051 671 τῷ
1069 583 1207 670 σφετέρην
1223 580 1317 666 χάρφ

221 685 520 772 Βόγκαταστάντοον,
547 683 584 750 τό
602 711 637 751 τε
652 689 778 768 κέναιμα
796 689 975 770 ἐπληροῦτο,
994 681 1050 748 καί
1065 682 1086 768 ἦ
1102 681 1226 768 φάλαγξ
1243 701 1319 742 σον-

248 786 427 867 έκέκλειοτο,
447 783 502 848 καί
517 782 660 850 τσλσιπόν
675 785 706 850 οἱ
720 783 870 870 Φράγγσι,
884 781 1023 868 καθάπερ
1041 785 1085 857 είς
1099 773 1196 865 ἀρκος
1216 783 1338 855 ξονειό

248 885 413 969 λημμένοι,
435 882 602 948 ἐκτεινοντο
622 881 786 948 πάντοθεν.
812 877 833 966 ἥ
853 906 886 948 τε
900 881 960 966 γάρ
980 879 1065 957 τάξις
1083 873 1191 952 αύτοῖς
1209 872 1322 940 τελειό-

252 1008 334 1053 τατα
356 979 530 1063 διελέλυτο,
556 979 611 1048 καί
624 983 726 1066 χύδην
741 983 795 1046 ἐπί
815 983 901 1066 σφᾶς
917 979 1131 1060 ἀπελίποντο,
1152 969 1210 1039 ούκ
1232 971 1324 1055 ἔχον-

253 1105 305 1157 τες
321 1077 358 1162 ό,
378 1105 410 1144 τι
431 1079 487 1146 καί
507 1083 653 1164 γένοιντο.
685 1080 715 1144 οἱ
735 1081 770 1146 δὲ
785 1079 941 1161 Ῥωμαῖοι
959 1073 996 1142 ού
1016 1076 1113 1158 μόνον
1137 1083 1204 1151 τοῖς
1223 1071 1323 1151 τόξοις

252 1173 366 1256 αύτούς
379 1181 556 1264 διεχρῶντο,
578 1173 659 1244 ἀλλά
673 1177 710 1241 τό
729 1202 763 1244 τε
781 1172 941 1242 όιιλιτικδν
956 1179 1010 1242 καί
1025 1173 1054 1240 οἱ
1071 1171 1162 1258 ψιλοί
1177 1173 1323 1258 ἀπῄεσαν,

255 1273 386 1361 δοράτιά
403 1301 435 1342 τε
452 1270 658 1356 ἀκοιπιζοντες
674 1275 730 1343 καί
749 1285 813 1353 τοῖς
828 1275 944 1350 νόστοις
959 1273 1175 1354 διωθούμενοι,
1190 1273 1245 1336 καί
1256 1277 1368 1342 rateto

255 1379 431 1460 μαχαίραις
448 1377 704 1458 κατατέμνοντες,
725 1377 759 1440 οἳ
771 1400 806 1439 τε
821 1373 921 1451 ἱππεῖς
938 1371 1162 1462 ύπερκεράσεις
1177 1371 1325 1450 ποιούμε-

257 1497 307 1540 νοι
319 1473 504 1554 ἀπεδέχοντο
528 1472 646 1548 αύτούς
661 1471 736 1537 εἴσω
751 1455 805 1537 κάί
821 1472 1049 1555 ἀπελάμβανον.
1078 1476 1108 1538 εἰ
1127 1473 1163 1536 δέ
1173 1493 1204 1534 τι
1220 1467 1326 1532 asianis

181 1573 313 1652 Μσκαέ
327 1570 455 1654 διέφυγε
472 1567 513 1634 τά
530 1569 615 1656 ξίφη,
636 1567 664 1634 οἱ
680 1571 715 1635 δέ
726 1574 763 1658 τῇ
773 1569 875 1648 διάξει
893 1572 1105 1654 ἐκβιαζόμενοι
1122 1573 1155 1645 ἐς
1167 1566 1221 1638 τὸν
1232 1589 1327 1630 ποτα·

250 1666 313 1750 μόν
331 1670 550 1753 κατεφέροντο,
571 1667 627 1732 καί
637 1667 826 1752 ὑποβρύχιοι
839 1669 1013 1752 γιγνόμενοι
1026 1668 1185 1752 ἔθνησκον·
1206 1661 1326 1748 οἰμωγή

251 1792 287 1832 τε
305 1761 433 1852 ἧκοόετο
446 1766 630 1850 ἁπανταχοῦ
640 1769 702 1832 τῶν
716 1766 887 1853 βαρβάρων
907 1767 1091 1852 οἰκτρότατα
1106 1754 1367 1846 διολλυμένων·15

252 1861 350 1940 αύτός
363 1889 397 1931 τε
416 1862 455 1950 δὴ
473 1856 726 1942 ούνήΒοοτιλῖνος
743 1863 759 1929 ό
778 1863 947 1950 στρατηγός
967 1869 1023 1930 καί
1036 1861 1106 1930 ὅλον
1120 1864 1155 1930 τά
1174 1864 1327 1948 στράτεο-
1379 1865 1385 1874 ”

250 1991 298 2047 μα
319 1966 519 2054 πανωλεθρίᾳ
536 1961 706 2049 η’φάνιστο,
738 1966 773 2030 όν
794 1973 859 2040 τοῖς
881 1963 937 2029 καί
956 1961 986 2029 οῖ
1005 1966 1068 2030 τόν
1084 1958 1244 2049 Ἐρούλισν
1265 1960 1327 2046 πρὸ

252 2067 347 2148 τῆσδε
362 2067 416 2147 τῆς
432 2066 607 2147 ξαμπλοκῆς
621 2062 821 2145 μεταβάντες,
843 2062 898 2134 καὶ
911 2056 1013 2137 ούδείς
1025 2057 1109 2139 όστις
1123 2062 1184 2126 τῶν
1199 2062 1327 2142 Γερμα-

253 2165 316 2227 νοόν
329 2159 409 2238 έςτά
426 2159 544 2247 πάτρια
556 2159 719 2246 ἕνόοτησεν
734 2155 808 2248 ἤθη,
822 2155 872 2226 ότι
881 2160 925 2247 μὴ
943 2165 1032 2226 πέντε
1048 2154 1156 2246 ἀνδρες
1169 2155 1325 2246 ότφδηοόν

251 2261 356 2348 τρόπῳ
373 2257 616 2345 διαδεδρακότες.
633 2263 700 2342 etsie
720 2263 755 2326 δὲ
771 2261 829 2325 οάκ
850 2256 890 2326 ἀν
908 2258 955 2345 εἴη
975 2261 1136 2348 ἀρίδηλον,
1159 2255 1202 2332 ἀς
1214 2251 1372 2330 ποινάςοο

251 2358 392 2440 ἀπέσχον
413 2359 476 2421 τάν
496 2356 713 2442 ἀδικημάτων,
735 2360 790 2423 καί
803 2355 961 2444 ύπερτέρα
978 2383 1027 2434 τις
1043 2352 1158 2432 αύτούς
1169 2355 1325 2438 μετῆλθεν

253 2456 387 2540 ἀνάγκης
408 2455 426 2517 o‘
435 2454 495 2537 μὲν
512 2453 572 2541 γάρ
584 2461 698 2541 μορίας
710 2458 824 2532 ἐκεῖνος
842 2453 949 2536 όμιλος
965 2445 1027 2522 τάν
1046 2453 1201 2540 Φράμγων
1214 2476 1250 2516 τε
1270 2453 1327 2515 καί

245 2547 452 2637 Ἆλαμανοόν,
480 2552 618 2619 καὶτῶν
643 2549 712 2626 iisse
737 2551 776 2637 δὴ
801 2549 910 2630 αότοῖς
929 2552 1026 2636 τοχδν
1043 2549 1217 2638 ἕτεροι-τόν
1233 2550 1327 2613 πόλε·

326 2689 347 2723 ι.
367 2669 672 2725 ἀνίεσαν-ἐνέκειντο
689 2673 718 2723 ib
736 2671 809 2743 (ci),
833 2673 916 2742 Intpr.
932 2671 1182 2739 intermittendo·
1197 2670 1324 2732 inssisti„

274 2771 278 2778 -
320 2739 616 2811 ἀνῄεσαν-ἔκειντο
633 2742 718 2811 vulg„
750 2741 834 2812 bugd.
854 2744 957 2812 φρίσ.
976 2744 1123 2795 ἐνέκειντο.
1218 2739 1256 2806 τό.
1276 2739 1327 2793 καλ

319 2811 493 2878 δπσβρδχιοι
506 2841 542 2850 -
557 2808 673 2875 η’κσόετο
688 2810 747 2862 add.
767 2829 801 2864 ex
825 2814 853 2864 R.
871 2823 899 2864 et
916 2814 998 2880 lntpr.
1017 2826 1043 2866 ιι
1059 2809 1214 2884 gurgitibus
1231 2809 1328 2861 bausci

319 2881 478 2935 interibant.
493 2881 566 2938 unde
584 2895 611 2936 ετ
624 2881 805 2935 barbarorum
822 2884 966 2940 continens
981 2878 1325 2945 eiulatus-audiebatur.

321 2953 360 3003 18.
382 2954 486 3023 σομπλ,
504 2953 534 3004 R.
619 2969 662 3006 no.
682 2953 724 3016 εἴη
745 2969 798 3010 στα,
815 2953 844 3006 R.

252 3055 291 3108 eis
306 3053 409 3124 absque
423 3056 480 3106 ulla
494 3056 695 3114 intermissione
708 3055 838 3118 instabat,
857 3055 946 3108 donec
961 3055 1029 3108 alios
1046 3053 1157 3126 quidem
1172 3051 1327 3122 prostravit,

250 3125 318 3179 alios
338 3125 448 3178 veroin
470 3124 633 3178 vorticosum
648 3127 747 3176 ssumen
769 3123 873 3194 adegit.
905 3125 995 3194 Atque
1014 3127 1052 3176 ita
1074 3125 1181 3180 Herulis
1200 3123 1327 3174 insnum

252 3194 341 3245 locum
359 3195 485 3262 receptis,
503 3197 622 3247 vacuitas
635 3196 684 3246 illa
698 3196 729 3254 in
744 3195 833 3248 medio
849 3197 982 3248 exercitus
1000 3195 1124 3264 suppleta
1142 3200 1193 3254 est,
1213 3201 1241 3243 et
1253 3191 1329 3261 pba-

251 3263 316 3316 lanx
327 3264 426 3315 clausa:
450 3264 601 3335 Francique
614 3265 742 3334 deinceps
755 3264 840 3318 veluti
855 3265 957 3320 retibus
969 3259 1188 3325 involuti,'on1ni
1202 3279 1235 3314 en
1250 3269 1330 3330 parte

254 3332 445 3391 enedebantur·
480 3333 546 3385 Num
561 3342 590 3386 et
608 3335 674 3386 ordo
694 3338 814 3402 ipsorum
829 3337 938 3402 penitus
959 3342 1016 3387 erat
1034 3333 1196 3394 dissolutus,
1216 3339 1245 3383 et
1259 3349 1327 3384 con·

253 3402 313 3452 fuse
338 3404 409 3456 inter
436 3418 464 3452 se
481 3401 710 3472 glomerabantur,
742 3404 811 3473 quid
830 3405 951 3458 iacerent
970 3405 1064 3473 ignari.
1107 3403 1219 3455 Romani
1235 3409 1329 3452 autem

252 3489 310 3524 non
323 3472 410 3523 solum
424 3473 527 3538 sagittis
544 3489 589 3525 eos
603 3473 815 3536 interficiebant,
832 3475 880 3526 sed
890 3485 918 3527 et
928 3476 1055 3544 gravioris
1073 3481 1101 3525 et
1113 3473 1222 3525 levioris
1238 3488 1328 3522 arma-

253 3549 330 3594 turae
347 3541 446 3592 milites
469 3542 569 3594 invecti
591 3541 681 3595 hastas
701 3545 732 3594 in
747 3559 792 3596 eos
806 3545 978 3614 torquebant,
998 3552 1026 3596 et
1039 3545 1126 3595 contis
1138 3541 1330 3612 profligabant,

254 3608 419 3678 ensibusque
438 3609 649 3680 obtruncabant3
683 3614 789 3681 equites
805 3615 885 3665 etiam
904 3614 1022 3668 diductis
1041 3613 1091 3664 alis
1110 3631 1155 3664 eos
1177 3613 1330 3664 circumve·-

208 3730 210 3733 ,
254 3676 370 3729 niebsnt
386 3687 415 3729 et
431 3681 646 3745 concludebant3
673 3684 696 3735 si
711 3683 835 3752 quivero
852 3701 944 3736 eorum
961 3699 1037 3735 enses
1049 3687 1205 3752 effugerant,
1221 3679 1251 3732 bi
1271 3683 1329 3749 ipsi

254 3747 445 3803 insectantium
470 3753 498 3804 vi
519 3752 650 3820 compulsi
665 3752 826 3820 praecipites
848 3754 877 3804 in
897 3753 999 3804 flumen
1012 3751 1185 3816 ferebantur,
1204 3749 1329 3803 barbaris

253 3818 354 3883 passim
374 3819 522 3872 miserrime
542 3821 727 3886 pereuntibus.
773 3821 834 3890 Ipse
852 3824 944 3894 itaque
961 3821 1016 3874 dux
1035 3822 1170 3876 babilinus
1187 3839 1246 3873 eum
1263 3823 1330 3872 uni-

250 3900 327 3968 verso
348 3891 467 3940 exercitu
484 3889 518 3940 ad
536 3892 750 3947 internecionem
764 3892 860 3959 periit:
886 3893 958 3946 inter
978 3911 1045 3965 quos
1065 3895 1147 3946 etiam
1167 3892 1210 3946 iili
1230 3891 1328 3942 Heruii

254 3972 302 4024 qui
321 3966 384 4008 aute
402 3960 536 4024 proelium
546 3961 752 4029 transfugerant3
772 3979 862 4033 neque
877 3965 1018 4032 quisquam
1033 3964 1199 4016 eGermanis
1213 3961 1248 4013 ud
1262 3979 1330 4013 suos

252 4031 439 4104 esttreversus,
456 4039 563 4097 praeter
579 4031 700 4100 quinque
711 4032 791 4094 viros,
805 4049 967 4104 quocunque
981 4033 1087 4085 undem
1104 4033 1185 4085 modo
1199 4031 1241 4083 ilii
1260 4047 1327 4082 eva·

253 4103 343 4151 serint
387 4096 512 4164 Quonam
532 4117 594 4151 vero
612 4108 689 4168 pacto
710 4119 765 4153 non
784 4103 820 4152 sit
835 4105 1007 4172 perspicuum
1028 4121 1072 4154 eos
1094 4105 1242 4170 impietatis
1260 4118 1329 4152 ιιιτσ

254 4180 354 4244 poenas
364 4165 455 4232 luisse,
476 4171 614 4240 superiore
625 4171 740 4252 quadam
756 4173 914 4233 necessitate
926 4175 992 4243 ipsis
1008 4173 1199 4235 incumbente?
1216 4172 1328 4236 Infinita
