2900 4792
252 220 337 275 202
685 216 896 286 temler.

115 389 186 443 Δία
200 375 355 461 essurire
368 374 411 461 τῷ
427 368 535 458 δρόμηι
545 371 707 457 ἐφέροντο,
728 370 875 455 δεδιότες,
892 362 990 453 οἶμαι,
1002 370 1048 455 μὴ
1066 370 1151 457 σφάς
1163 368 1333 455 eupropi-

147 462 195 517 Η
207 471 332 552 29μοιό
347 476 404 538 τού
424 469 516 555 ἔργου
533 469 662 557 καιρός,
683 475 739 537 καί
754 469 876 537 ἅπαντα
896 470 1096 557 τεφρωθείη,
1123 468 1196 553 πρίν
1212 466 1252 552 δη
1271 469 1333 533 αύ-

161 572 193 625 V·
206 570 324 647 75τούς
340 567 525 657 ἀφικέσθαι.
551 568 668 652 ἅμιλλά
693 595 729 635 τε
751 565 792 655 ἦν
810 566 920 647 αύτοῑς
941 568 1021 654 ύιτὲρ
1037 572 1095 633 τού
1105 568 1241 651 τάχους,
1270 562 1333 631 ούκ

246 673 465 752 ἐπισταμένοις
495 670 541 746 σός
568 672 612 758 τῷ
647 674 774 736 νικῶντι
805 669 1002 753 συμβήσεται
1031 666 1142 754 πράτιρ
1170 665 1333 731 τεθνάναι.

250 766 384 847 άπαντες
399 769 461 855 γάρ
486 764 663 851 ἀμοιβαδὸν
684 768 749 835 ύπό
769 773 833 837 τῶν
851 766 1024 849 Ῥωμαίων
1037 763 1254 847 ἁλισκόμενοι,
1274 764 1360 829 ιτα-5

221 870 444 952 Βτεκτείνοντο,
463 866 569 956 οόσπερ
584 873 676 935 τούόέ
691 894 726 953 γε
741 874 830 935 ἓνεκα
843 867 942 950 μόνου
961 863 1230 953 παραγιγνόμεναι.
1253 858 1336 929 άπα-

248 967 367 1034 λοόλασι
384 970 551 1055 τοιγαροῦν
568 968 607 1032 ού
633 970 736 1055 πολλῷ
756 966 909 1044 ἐλάσσους
927 968 990 1033 τῶν
1014 964 1189 1047 δισχιλιλυν.
1223 960 1334 1028 τοσού-

248 1085 314 1145 τοις
335 1068 488 1155 άνόράσιν
505 1065 703 1153 ἐργοπόνοις,
734 1066 789 1132 καί
810 1065 850 1133 τά
878 1068 1011 1148 πολέμια
1027 1059 1141 1149 ἥκιστα
1160 1068 1334 1147 μεμελετη-

250 1164 354 1248 κόσιν,
374 1163 407 1242 ἐς
425 1189 460 1231 τε
478 1165 654 1251 παράταξιν
669 1166 832 1231 ούπεόποτε
852 1160 1056 1251 ἀφιγμένοις,
1079 1156 1261 1244 αύτομάτου
1282 1185 1334 1225 τι·

249 1262 304 1340 νός
318 1262 374 1328 καί
391 1262 573 1350 παραλόγου
590 1260 725 1351 ὀλέθρου
746 1261 763 1327 ό
781 1260 976 1349 Ναχοραγάν
992 1262 1178 1335 αἰτιώτατος
1195 1262 1382 1343 γέγονεν,ιο

246 1360 363 1447 άνόητα
385 1362 704 1448 παρακελευσάμενος.
740 1358 840 1439 οὕτως
864 1354 929 1447 άρα
952 1358 973 1445 ἦ
993 1354 1158 1439 ἀλαζονεία
1178 1358 1216 1422 ού
1233 1355 1333 1439 μόνον

245 1461 361 1537 αύτούς
376 1465 496 1526 σίνεται
510 1458 585 1535 τούς
605 1464 828 1546 κεκτημένους,
858 1454 938 1524 irre
951 1458 1020 1545 ,γάρ
1045 1457 1100 1524 καί
1116 1454 1174 1533 oric
1193 1450 1233 1521 άν
1251 1458 1334 1522 ἐκεί-

243 1584 308 1636 νοις
334 1560 501 1644 ὑπηρετεῖν
523 1560 666 1645 συμβαίη
682 1560 737 1625 καί
757 1562 936 1625 πεύθεσθαι.
965 1560 1085 1624 τούτων
1106 1559 1142 1621 tt
1159 1549 1225 1621 εόόε
1243 1560 1334 1634 ξυνε-

243 1659 442 1741 νεχθέντων,
473 1660 579 1738 οἱμὲν
603 1654 757 1738 Ῥωμαῖοι
784 1659 944 1732 εύέλπιόες
966 1658 1111 1741 ύπῆρχον
1129 1656 1162 1733 ἐς
1180 1652 1220 1719 τά
1234 1654 1332 1732 μάλι-

238 1778 320 1837 στα,
347 1755 390 1832 οἷς
414 1756 471 1819 καί
492 1750 589 1833 αὖθις
611 1756 732 1845 &potore
751 1752 967 1843 περιεσόμενοι
998 1754 1060 1838 εἴγε
1089 1746 1152 1841 άρα
1172 1751 1229 1819 καί
1251 1753 1379 1827 eive-15

219 1858 421 1936 (ἱμαχεῐσύοιι
441 1851 471 1917 οῖ
491 1853 650 1941 βάρβαροι
667 1860 859 1941 πειραθεῖεν.
880 1850 947 1919 όοοι
963 1857 998 1919 δὲ
1012 1854 1120 1919 αύτιόν
1140 1854 1174 1919 ἐν
1187 1855 1225 1941 τῇ
1240 1852 1330 1939 μάχη

172 2031 176 2039 ,
241 1948 458 2038 ἐτεθνήκεσαν,
484 1945 581 2037 (η’σαν
603 1953 639 2017 δὲ
666 1946 703 2017 ού
730 1953 857 2029 πλείους
882 1946 903 2037 ἢ
932 1952 1112 2041 ύιακόσιοι,)
1137 1954 1264 2043 τούτους
1288 1950 1330 2036 tir)

241 2048 475 2138 εύπρεπέστατα
495 2048 639 2135 ἔθαψαν,
658 2048 892 2139 ύπεραγάμενοι
912 2054 968 2135 τῆς
982 2054 1180 2137 προθυμίας,
1210 2046 1252 2127 οἷς
1270 2040 1328 2115 άν-

242 2154 320 2237 όρας
337 2145 480 2234 άγαθούς
495 2133 787 2235 άποδεάειγμένους·
812 2148 886 2225 τούς
904 2152 939 2215 δὲ
954 2153 1020 2215 τεόν
1032 2148 1189 2231 πολεραύον
1202 2144 1331 2233 νεκρούς

242 2248 484 2331 σκυλεύσαντες,
505 2243 608 2314 όπλων
626 2274 659 2314 τε
676 2242 819 2337 ἄφθονον
834 2250 954 2333 πλῆθος
968 2247 1023 2313 καί
1033 2241 1135 2313 ἄλλων
1157 2244 1381 2334 χρημάτωνοο

241 2348 475 2434 περιεβάλοντο.
496 2342 534 2412 ού
553 2349 615 2435 γάρ
633 2346 730 2432 μόνον
750 2345 887 2426 άσπίύας
908 2348 962 2413 καί
987 2344 1137 2434 βάρακος
1157 2347 1257 2431 τυχόν
1277 2348 1334 2414 καί

241 2446 403 2533 γωρυτούς
417 2450 519 2530 βελῶν
542 2445 620 2513 ἔνιοι
648 2450 712 2514 τῶν
729 2449 878 2530 κειμένων
902 2450 1108 2535 ἐπεφέροντο,
1139 2440 1218 2512 ittet
1239 2470 1333 2533 στρε-

312 2567 338 2617 o
355 2581 516 2634 παραγιγν.
535 2566 574 2630 Β,
593 2581 732 2636 παραγιν.
755 2566 826 2637 vulg.
907 2584 944 2620 ro.
964 2568 1056 2624 αἴτιος
1074 2568 1102 2618 R.
1169 2584 1207 2620 rr.
1227 2563 1334 2631 ἀνόητα

310 2637 342 2689 R.
360 2644 389 2687 et
406 2637 489 2704 intpr.
507 2634 619 2698 stolide,
637 2637 762 2699 ἀνόνητα
789 2638 858 2707 vulg.
912 2654 951 2692 in.
977 2638 1101 2694 ἐκείνοις
1122 2654 1174 2689 om.
1197 2638 1226 2689 R.
1291 2656 1333 2707 ¹7·

311 2703 430 2761 τούτους
450 2704 481 2757 δὲ
498 2706 528 2757 R.
599 2724 641 2760 nr.
658 2705 875 2778 περιεβάλλοντο
892 2708 922 2761 u.
947 2751 950 2757 .
986 2725 1030 2770 nn.
1048 2697 1212 2779 γωρυττούς
1228 2706 1295 2761 Edd.

242 2841 316 2915 quod
333 2842 425 2907 aiunt,
445 2844 588 2907 venirent,
612 2843 760 2915 omniaque
783 2854 845 2897 anto
865 2846 986 2914 ipsorum
1007 2842 1154 2898 adventum
1173 2846 1202 2895 in
1222 2846 1329 2897 favillas

242 2922 272 2966 et
301 2912 419 2974 cinerem
448 2922 539 2965 esseut
567 2913 682 2965 redacte.
732 2916 877 2968 Certabunt
904 2919 995 2987 itaque
1018 2918 1091 2969 inter
1115 2933 1144 2967 se
1178 2918 1333 2979 eeleritate,

244 2983 396 3035 nescientes
415 2985 474 3037 sore
496 2992 528 3036 ut
548 2986 596 3053 qui
615 2986 753 3051 vinceret,
772 2990 874 3056 primus
897 2994 1055 3038 moreretur.
1092 2986 1191 3038 Omnes
1208 2989 1333 3039 enimes
1353 3004 1360 3017 ¹

243 3054 340 3107 ordine
356 3073 372 3106 a
395 3057 521 3108 Romanis
540 3057 628 3125 cepti,
654 3055 809 3110 obtruncati
830 3059 955 3120 suerunt,
975 3056 1090 3125 perinde
1111 3074 1142 3107 ee
1162 3056 1186 3108 si
1211 3074 1242 3108 eu
1269 3065 1332 3107 tun-

241 3132 302 3176 tum
333 3123 368 3178 ιλο
397 3144 476 3178 eausa
500 3128 648 3183 venissent,
691 3128 835 3180 Perierunt
861 3128 955 3196 itoque
985 3142 1041 3178 nou
1070 3127 1157 3178 multo
1191 3128 1334 3195 pauciores

241 3192 350 3247 duobus
367 3197 498 3249 millibus.
534 3199 589 3250 Tot
608 3197 673 3248 viris
697 3187 830 3267 operariis
850 3204 877 3249 et
898 3198 928 3248 in
951 3210 979 3247 re
1004 3196 1103 3249 bellice
1121 3198 1233 3249 minime
1254 3213 1336 3247 eser-

241 3266 349 3327 citatis,
377 3268 481 3337 quique
502 3284 642 3339 nunquam
664 3271 694 3320 in
721 3270 809 3321 aciem
856 3266 1019 3331 rediissent,
1046 3269 1167 3319 ultronei
1192 3266 1336 3319 cuiusdam

240 3344 323 3407 atque
341 3338 476 3406 inopinati
500 3342 579 3392 exitii
598 3346 692 3391 auctor
712 3339 766 3391 suit
782 3285 977 3409 Nuciorugan,
1004 3338 1052 3409 qui
1073 3338 1224 3389 inconsultu
1242 3338 1336 3405 impe-

241 3415 322 3459 rerat-
351 3408 441 3476 Usque
466 3407 534 3460 σάου
556 3411 709 3480 arrogantia
732 3427 788 3461 non
813 3410 902 3461 solum
927 3426 989 3461 suos
1013 3425 1202 3477 possessores,
1233 3405 1281 3459 sed
1304 3418 1337 3460 et

241 3476 314 3538 iilos,
333 3494 402 3546 quos
423 3480 462 3529 eis
478 3481 608 3531 inservire
629 3488 658 3531 et
671 3496 773 3532 morem
794 3496 885 3549 gerere
901 3480 1049 3550 contingit,
1071 3477 1169 3549 perdit
1206 3476 1254 3529 His
1270 3494 1335 3529 vero

241 3546 281 3597 its
302 3549 435 3614 peractis,
455 3551 568 3602 Romani
588 3551 700 3620 quidem
716 3552 820 3621 optime
842 3568 890 3619 spe
915 3551 992 3621 pleni
1011 3557 1114 3612 erant,
1139 3550 1215 3602 sein
1236 3556 1331 3619 posto-

242 3632 303 3668 rum
320 3616 402 3669 sueite
427 3622 581 3688 superiores
602 3622 724 3686 futuros,
749 3623 773 3673 si
796 3622 910 3674 fortusse
927 3622 1045 3682 horbsri
1066 3620 1200 3690 proelium
1224 3620 1336 3673 insten-

243 3701 304 3736 rsre
320 3694 468 3741 tentarent.
493 3690 646 3763 Quotquot
657 3708 722 3744 vero
736 3692 858 3761 ipsorum
877 3694 906 3745 in
925 3692 1053 3744 conflictu
1072 3692 1226 3759 perierunt,
1245 3686 1353 3762 (erent'

243 3762 336 3807 sutem
351 3775 408 3809 non
426 3762 567 3828 pauciores
588 3762 730 3832 ducentis)
747 3778 793 3814 eos
817 3761 1010 3815 honestissime
1028 3762 1205 3831 sepelierunt,
1224 3760 1335 3813 laudata

190 3884 194 3889 .
245 3842 341 3877 eorum
365 3831 549 3896 strenuitate,
570 3836 674 3904 quippe
695 3833 745 3903 qui
765 3842 797 3887 ut
814 3834 867 3885 viri
888 3834 997 3886 fortiter
1014 3850 1071 3885 rem
1093 3833 1261 3901 gessissent:
1281 3832 1335 3883 ho-

245 3898 330 3949 stium
350 3913 416 3951 vero
437 3900 565 3955 ouduvers
589 3903 755 3973 spelierunt,
780 3912 810 3956 et
836 3904 975 3973 ingentem
1004 3920 1138 3955 armorum
1162 3904 1334 3970 aliarumque

245 3980 336 4020 rerum
360 3970 414 4021 rim
438 3974 649 4041 acquisiverunt„
687 3973 784 4045 Neque
804 3976 878 4026 euim
900 3983 975 4027 scuto
1002 3983 1031 4025 et
1056 3974 1152 4025 luricas
1175 3980 1279 4024 tantum
1304 3979 1335 4021 ee

244 4035 386 4107 pharetras
408 4044 536 4094 nounuili
559 4062 698 4097 caesorum
724 4042 890 4116 gestabunt3
916 4043 963 4095 sed
988 4052 1016 4095 et
1043 4051 1155 4114 torques
1180 4056 1276 4093 eureos
1304 4049 1335 4093 et

247 4107 361 4164 monitis
379 4119 408 4164 et
433 4112 541 4167 inaures
571 4115 679 4185 alioque
698 4115 729 4168 id
755 4130 838 4185 genus
853 4112 1000 4183 muliebris
1028 4114 1222 4184 exquisitaque
1249 4126 1333 4167 orue-
