2900 4792
515 280 752 350 PRAEFATIO.
1154 287 1195 348 xi

116 437 188 492 thiae
207 443 319 501 autem,
336 443 420 510 atque
439 437 497 508 lpse
515 439 669 510 Procopius,
686 438 766 509 longe
782 438 896 508 propius
912 433 947 490 ad
964 437 1101 492 inferioris
1120 435 1196 492 iliius

118 557 202 611 quam
225 539 261 594 ad
278 539 381 612 probae
398 537 494 592 aetatis
518 541 661 611 scriptores
682 539 824 594 accedunt.
860 537 915 592 Sed
930 539 978 592 illa
999 557 1050 605 res,
1068 547 1100 594 nt
1115 541 1196 612 plura

115 643 171 696 alla
194 659 268 714 qnae
290 643 321 697 in
338 645 451 698 summis
469 643 579 698 dicendi
604 643 760 696 auctoribtra
779 651 965 713 magnasunt,
986 644 1016 696 in
1037 641 1194 696 huiuamodi

114 745 195 798 libris
211 745 321 799 minimi
337 746 467 800 momenti
485 753 534 800 ert.
569 747 607 798 Ut,
618 753 708 798 tamen
721 762 815 798 verum
833 745 978 814 coniltear3
996 747 1071 816 ipse,
1087 745 1194 815 perspi-

116 849 227 902 cuitatis
243 849 348 919 gratia,
377 849 475 902 tacitus
492 849 595 902 matam
612 846 686 921 qnod
705 864 721 900 a
737 849 876 918 scriptoris
894 845 1084 919 orthographia
1100 848 1193 917 proie-

116 959 190 1004 ctam
209 967 270 1004 ease
287 967 344 1004 non
363 951 476 1005 dubito:
494 951 609 1024 μέλλειν
629 952 702 1006 enim
719 967 825 1022 semper
840 953 871 1004 in
889 957 1005 1024 utroque
1024 951 1118 1004 codice
1136 967 1192 1003 uno

115 1061 222 1107 matum
239 1055 258 1107 l
273 1051 410 1110 scribitur.
444 1053 539 1126 licque
555 1054 637 1126 magis
653 1032 826 1107 indicandum
845 1069 904 1106 esre
923 1055 1018 1124 putari
1042 1053 1150 1126 quoties
1166 1052 1195 1108 ti

114 1153 325 1228 ipalauurradr
343 1173 376 1212 ex
394 1155 487 1210 codice
502 1156 637 1216 adderem.

181 1259 383 1330 Epigrammata
401 1259 520 1313 libenter
547 1262 711 1314 omisissem:
742 1279 827 1334 qnam
843 1263 961 1316 retinere
984 1275 1095 1314 necesse
1112 1263 1191 1322 caret,

110 1359 198 1414 multo
216 1361 298 1432 plura
316 1369 344 1416 et
362 1361 546 1416 emendatiora
570 1363 605 1415 iis
628 1361 692 1416 dedi
712 1380 782 1436 quae
803 1363 951 1418 Vulcanius
973 1379 1007 1416 ea
1027 1359 1192 1432 Anthologia

111 1461 251 1518 Plaraudea
266 1463 427 1536 eollegerat:
445 1471 541 1518 cuncta
557 1465 662 1519 scilicet
672 1483 743 1539 quae
760 1468 790 1520 in
799 1467 919 1522 Palatina
935 1473 1038 1520 servata
1050 1472 1122 1528 sunt,
1140 1463 1189 1517 ad-

111 1565 177 1620 ditia
202 1567 239 1620 ila
254 1583 324 1640 quae
346 1567 377 1620 in
391 1565 480 1638 eapite
500 1569 569 1640 saepi
588 1567 707 1624 εἰκόνων
721 1569 873 1636 exstabant,
893 1587 948 1643 quo
966 1569 1075 1640 plenior
1090 1566 1191 1621 hahuit

108 1669 244 1724 Planadea
260 1687 342 1743 qnam
355 1688 405 1724 nor
422 1671 641 1741 epigrammatum
657 1671 826 1726 collectionis
843 1672 1006 1742 exemplum.
1022 1671 1055 1723 In
1070 1669 1113 1722 hia
1132 1669 1189 1721 cri-

110 1775 194 1827 ticum
217 1791 274 1828 non
293 1777 353 1846 egi,
371 1775 425 1830 nial
441 1775 515 1849 quod
530 1775 672 1846 perpaucis
689 1775 756 1829 locis
774 1782 822 1829 aut
838 1776 954 1829 aliorum
970 1773 1188 1827 emendationem

109 1885 157 1930 ant
172 1877 336 1932 Planudeam
352 1879 498 1932 lectionem
513 1879 651 1932 Palatinae
671 1881 798 1951 praetuli.
832 1879 942 1944 Latine,
960 1877 1043 1948 elegia
1061 1891 1188 1946 compre-

109 1978 209 2045 hensa,
240 1997 311 2053 qnae
334 1981 465 2052 iosephur
484 1981 614 2055 Scaliger,
639 1991 721 2056 atque
742 1985 822 2038 lanus
844 1983 935 2037 Doara
957 1999 973 2035 e
993 1981 1093 2051 graecia
1114 1979 1184 2048 Agn-

108 2079 182 2136 thiae
197 2083 329 2150 iecerunt,
348 2085 377 2140 in
390 2085 507 2140 virorum
519 2083 649 2141 honorem
666 2089 783 2142 retinui:
801 2103 856 2160 quc
871 2088 941 2141 iacto
956 2103 992 2140 nc
1009 2085 1060 2138 illa
1073 2081 1185 2154 quidem

108 2185 197 2240 omitti
210 2194 359 2256 potuerunt
374 2187 483 2260 quaein
497 2188 592 2242 eodem
605 2205 703 2260 genere
717 2190 844 2254 coniecit,
857 2187 1019 2260 addiditque
1026 2186 1184 2240 Vulcanius.

171 2287 224 2341 llis
248 2289 396 2362 expositis,
424 2289 478 2343 iam
498 2290 580 2343 linem
604 2292 770 2360 praelationi
798 2291 912 2353 inciam,
946 2304 1029 2359 quum
1049 2285 1084 2338 dc
1103 2285 1190 2349 librisx

106 2409 171 2464 quos
195 2389 328 2458 adhibui,
349 2393 478 2465 sigllaque
499 2409 566 2467 quas
591 2393 622 2449 in
636 2393 747 2448 scholiis
764 2394 845 2466 posui
861 2408 932 2465 quae
945 2391 1095 2446 necessaria
1112 2394 1182 2452 ,sont

109 2511 265 2564 exposuero.

172 2597 201 2649 it
216 2595 311 2653 Codex
326 2595 542 2670 Rehdigerannsr
565 2599 735 2655 chartaceus:
755 2601 872 2672 scriptus
888 2599 958 2653 circa
970 2614 1072 2653 annum
1090 2599 1174 2662 1560,

103 2699 231 2770 impensis
237 2697 522 2772 Thomneiiehdigeri,
539 2703 569 2755 in
582 2703 676 2772 italia;
695 2676 849 2776 etquidem
864 2700 959 2773 procul
971 2699 1056 2754 dubio
1063 2701 1178 2770 liomae;

100 2819 116 2852 a
131 2801 236 2856 dnohraa
257 2803 379 2856 tribuere
398 2803 625 2870 amanuensibus,
651 2803 732 2860 credo
747 2803 933 2858 bibliothecae
950 2804 1097 2858 vaticanae
1111 2803 1177 2857 acri·

99 2904 240 2975 ptoribnrr
264 2921 380 2977 quorum
395 2906 492 2958 saltem
512 2909 628 2978 primum
646 2905 732 2962 inisse
749 2907 882 2962 Graecum
897 2923 932 2959 ea
952 2901 1078 2960 ductibus
1102 2908 1175 2961 clare

98 3017 194 3078 patet3
223 3017 375 3081 postremae
402 3019 493 3064 autem
518 3011 670 3083 alienigena
694 3012 767 3075 luit,
796 3025 960 3084 graecaeque
983 3010 1093 3081 linguae
1115 3011 1173 3064 iere

100 3110 180 3166 radis.
214 3113 385 3186 liaacriptana
401 3131 460 3168 case
477 3131 511 3168 ex
525 3114 619 3169 codice
637 3114 768 3168 Vaticano
785 3131 842 3168 non
858 3113 965 3177 dubito,
982 3129 1037 3184 quo
1056 3115 1172 3168 Persona

99 3231 161 3269 nana
180 3215 274 3270 fuerit.
309 3217 558 3288 interpunctionem
573 3215 609 3271 ad
627 3233 734 3273 aeneum
750 3215 976 3271 accommodatam
991 3216 1037 3268 rix
1059 3232 1173 3287 usquam

98 3315 187 3382 babet,
204 3317 253 3372 aed
266 3319 420 3373 interiectis
440 3321 561 3392 septenis
574 3319 619 3376 rel
634 3321 741 3374 octonis
753 3321 791 3391 pl
801 3337 836 3372 m.
853 3317 993 3373 vocabulis
1006 3327 1106 3392 puncta
1118 3337 1171 3390 pc·

97 3423 145 3473 nii.
178 3423 211 3476 ln
228 3423 348 3495 margine
363 3425 543 3478 correctiones
561 3431 608 3478 aut
620 3424 787 3478 coniecturas
801 3423 915 3477 exhibet
930 3423 1083 3488 nonnullas,
1103 3441 1169 3496 qnns

97 3523 290 3580 leundarlum
306 3535 443 3582 auctorem
457 3525 559 3581 habere
583 3525 680 3594 eredo,
701 3527 751 3601 qui
769 3543 833 3580 enm
846 3543 870 3580 a.
890 3527 964 3596 1576.
978 3509 1111 3581 utendum
1125 3543 1182 3591 aes,

88 3635 207 3698 ceperat
244 3627 332 3702 Quem
347 3629 467 3684 codicem
479 3647 563 3704 quum
572 3630 719 3685 Vulcanius
731 3647 822 3685 secum
840 3631 1035 3684 communicari
1052 3639 1168 3702 peteret,

92 3743 249 3803 responsum
267 3743 309 3790 ert
328 3751 391 3788 cum
408 3753 464 3790 non
487 3751 654 3807 comparere:
671 3753 762 3810 neque
777 3734 807 3788 id
827 3735 912 3790 salso:
934 3734 1078 3804 inscriptio
1093 3737 1167 3787 enim

88 3837 204 3890 tarsun
233 3853 307 3892 anno
333 3837 440 3893 demum
468 3839 542 3895 165⁸.
564 3841 663 3893 iterum
683 3839 789 3894 illatum
824 3855 882 3892 esse
910 3840 941 3892 in
972 3837 1167 3892 bibliothecam

91 3933 302 4008 hebdigeranam
326 3956 344 3993 a
367 3938 521 3998 Christiano
543 3941 698 3996 Holmanuo
721 3941 757 3995 ab
777 3939 1049 4006 lioimannarraldau,
1076 3950 1161 4012 poeta

90 4037 193 4092 insulso
212 4047 240 4095 et
261 4043 413 4113 ohscoeno;
436 4054 465 4101 at
486 4047 563 4112 cire,
589 4055 621 4100 ut
641 4046 706 4102 hinc
725 4047 853 4118 colligere
872 4047 955 4112 licet,
981 4061 1039 4100 non
1060 4047 1162 4099 inutili.

159 4139 244 4215 leand·
262 4145 451 4220 Lugdunenair
463 4189 471 4216 ,
498 4149 684 4206 bibliothecae
703 4149 893 4216 academicae,
919 4145 972 4221 'bd-
990 4149 1061 4205 inter
1078 4147 1163 4202 libror
