2900 4792
444 215 727 283 msroarlnuu
755 221 794 282 v.
813 226 865 291 ιι.
1125 190 1207 304 3²7

126 369 233 456 ἧρδμα
255 365 438 453 γιγνόμενοι,
466 370 582 460 ῥηιδίως
602 367 840 458 δπερβαλέσδαι
861 367 915 436 καλ
929 370 1137 456 περιπλεῦσαι
1157 367 1290 436 selvae.
1305 379 1357 437 558

123 469 256 552 ιλγκολνα
280 471 335 533 τοῦ
355 469 479 550 τείχους
504 466 557 534 τόν
575 473 673 556 μέχρι
695 473 752 536 τοῦ
770 469 891 552 βάθους
910 469 1129 551 ἐκτεταμένον,
1157 448 1309 536 καίῙΙΗΙ

123 564 273 632 τολοιπδν
297 567 398 643 άδεαλς
425 567 630 652 ἐπιβήσεσθαι
658 571 722 635 τοῖν
744 569 895 656 ἐνδοτέρω
919 568 1062 656 χοιρίων,
1102 565 1146 645 ὥς
1167 567 1206 656 δὴ
1217 583 1248 638 V.
1263 602 1310 657 ¹¹7

125 659 278 744 οὐδαμοῖς
313 664 451 751 ἐράμασι
484 669 714 753 περιεχομένων
751 663 774 754 ἢ
802 667 886 757 μόνῳ
911 672 956 758 τῷ
981 667 1204 759 Ἕλλησπόντρ.

101 768 232 833 Statim
260 763 300 850 dr}
322 763 516 850 όΓερμανός
546 769 581 832 ἐκ
603 770 668 832 τῶν
693 763 897 832 κατασκόπων
925 765 1121 850 πυθόμενος,
1154 771 1208 834 καὶ

123 863 298 948 γινώσκων,
310 862 355 940 ιός
368 859 423 928 οόκ
440 867 472 942 ἐς
485 862 611 953 μακράν
629 861 645 930 ό
660 868 723 932 τοῖν
740 867 888 947 καλάμων
909 863 1017 944 στόλος
1034 867 1195 954 ἐπιφοιτὴ-
1204 881 1229 934 Ρ.
1242 877 1295 942 108

125 986 192 1043 σει,
213 963 438 1049 ἐπεκερτόμησε
461 965 522 1044 μὲν
538 961 611 1042 τοάς
625 963 792 1047 πολεμίους
809 969 864 1050 τῆς
881 959 1041 1048 ἀβουλίας,
1061 965 1148 1048 μάλα
1172 967 1207 1030 δὲ

123 1057 212 1146 ἥσθη
232 1063 281 1124 dr?
297 1061 385 1154 αότῇ,
412 1059 455 1139 ὥς
477 1059 516 1147 δη
535 1061 612 1149 πρὸς
629 1063 730 1129 adsoni
743 1065 883 1152 ἐσομένη.
911 1061 1024 1130 αὐτίκα
1053 1064 1112 1153 γάρ
1130 1067 1207 1130 ἐπα-

124 1160 253 1245 κτρίδας
280 1158 378 1226 εἴκοσι
399 1159 565 1249 πολυάρεις
589 1187 624 1229 τε
652 1161 707 1228 καὶ
732 1163 979 1251 άμφιπριλμνους
1005 1165 1130 1250 ιένδρῶν
1149 1165 1206 1246 ἐμ-

82 1257 248 1342 ιοπλήσας
272 1257 391 1348 σιδήρῳ
410 1265 710 1347 τεθωρακισμένων,
743 1263 880 1340 ἀσπίδας
906 1289 941 1329 τε
961 1261 1123 1352 φερόντων
1152 1261 1208 1327 κατ’

122 1357 201 1437 τόξα
221 1362 277 1424 καί
303 1359 382 1444 πρός
405 1384 441 1444 γε
461 1362 699 1447 δορυδρέπανα,
736 1359 809 1438 τούς
833 1387 866 1427 τε
894 1365 1077 1449 ἐρέττοντες
1104 1362 1203 1444 ἐμβα-

121 1456 207 1541 λοόν,
227 1461 282 1524 καί
298 1457 373 1536 τοδς
390 1467 454 1536 τοῖς
475 1461 639 1544 πηδαλίοις
656 1459 865 1558 ἐφεστηκότας
877 1458 940 1526 sind
960 1460 1018 1545 τήν
1034 1458 1123 1526 ἔνδον
1144 1486 1205 1526 πα-

121 1560 345 1644 ρατεινομένην
362 1559 416 1643 τῆς
435 1557 595 1645 θαλάττης
611 1565 751 1643 γλωχῖνα
773 1559 913 1648 καθάπερ
930 1561 976 1636 εἰς
996 1561 1125 1644 ἐνέδραν
1149 1584 1206 1624 κα-

121 1655 301 1742 θορμίσας,
320 1658 505 1744 ἐνέκρυψεν,
534 1655 579 1735 nic
594 1652 634 1724 άν
653 1657 698 1744 μη
714 1655 879 1746 πόρρωθεν
899 1663 1107 1746 προοφθεῖλν.
1138 1657 1208 1723 ἐπεὶ

81 1752 161 1820 ιόδὲ
188 1755 218 1820 οἱ
243 1753 399 1841 βάρβαροι
427 1748 487 1841 ἤδη
517 1753 703 1840 δπερβάντις
742 1755 778 1823 τό
808 1759 959 1844 προπετὲς
991 1759 1048 1821 τοῦ
1080 1756 1205 1840 τείχους

122 1852 179 1918 κατ’
198 1854 357 1938 ἀπολῆγον
381 1855 437 1917 καί
464 1856 522 1920 τοῦ
550 1856 697 1937 αἰγιαλοῦ
725 1843 909 1940 προεξέχον,
942 1859 1095 1924 ἐνέκλινον
1126 1855 1205 1938 πρὸς

120 1953 161 2018 τά
181 1951 266 2033 εἴσω,
285 1950 342 2018 καί
359 1953 546 2039 ἐπεφέροντο
561 1954 739 2038 φρονήματι
758 1952 817 2020 σόν
834 1959 935 2044 πολλῷ
951 1957 1005 2018 καί
1023 1950 1230 2042 παρρησίηιρ

120 2053 193 2118 τότε
223 2051 261 2136 δη
292 2048 347 2117 καί
363 2053 426 2117 τοῖν
451 2050 623 2132 Ῥωμαίων
643 2050 772 2132 ὁλκάδες
802 2051 1005 2140 ἀντανήγοντο
1035 2050 1090 2116 καί
1114 2045 1201 2116 ἅντε-

120 2151 258 2240 πῄεσαν·
299 2150 358 2216 καί
389 2175 456 2226 πως
491 2149 602 2226 αὐτοῖς
629 2153 688 2216 τοῦ
708 2146 768 2235 dori
796 2153 1093 2236 συλλαμβανομένου
1116 2149 1202 2215 ἀντί-

78 2273 244 2336 αοπρωροι
264 2251 445 2330 κατιοῦσαι,
472 2247 647 2334 βιαιότερον
667 2251 893 2334 προσπίπτουσι
920 2258 990 2326 ταῖς
1011 2251 1045 2314 ἐκ
1063 2251 1126 2313 τῶν
1146 2275 1201 2312 κα-

118 2349 232 2432 λάμων
257 2347 407 2434 σχεδίαις.
449 2348 505 2411 καί
524 2347 602 2432 δητα
623 2346 658 2412 αἱ
676 2352 737 2430 μὲν
756 2351 795 2436 τῇ
814 2345 1021 2434 προσκρούσει
1041 2348 1199 2434 περιετρά-Ι

118 2473 215 2515 ποντο
243 2450 276 2525 ἐς
310 2439 484 2529 τοῦμπαλιν
513 2441 574 2510 ὑπὸ
605 2449 664 2510 τοῦ
691 2444 807 2532 σάλου,
841 2446 898 2512 καί
916 2446 1127 2513 ἐκαλινδοῦντο
1157 2445 1200 2524 ιδς

189 2585 214 2636 5.
231 2585 319 2634 ταῦτα
343 2580 374 2636 δὲ
394 2585 425 2637 R.
504 2569 875 2654 praedecessorisque.
895 2582 964 2654 vulg.
1055 2579 1131 2652 μάλα
1151 2583 1200 2644 lt,

188 2651 316 2725 μάλιστα
339 2654 423 2724 vulg„
444 2655 528 2725 lntpr.
547 2655 594 2707 υελ
607 2659 701 2725 potius
718 2654 861 2725 (uastos).
953 2659 991 2712 18.
1008 2651 1041 2703 αλ
1056 2656 1114 2707 τοῖν
1131 2653 1202 2705 coni.

190 2724 231 2778 Cl.
302 2741 342 2780 αι.
362 2722 483 2778 exstars.
495 2727 539 2789 λλ,
558 2723 681 2779 ἐκαλινδ.
699 2726 770 2795 vulg.

119 2859 395 2930 lacileuuperstnros
413 2869 442 2912 ct
459 2861 731 2930 circumnavigatnros
750 2859 849 2911 flexum
868 2860 938 2911 muri
963 2859 993 2912 λιι
1009 2858 1095 2909 altum
1112 2871 1198 2926 usque

116 2933 255 3002 porrecti3
274 2948 305 2982 sc
323 2931 450 3000 deinceps
470 2933 536 2983 citra
555 2933 707 3000 periculum
726 2931 759 2982 ad
779 2931 916 2998 penitiora
936 2928 994 2978 loco
1012 2935 1198 2996 perventuros,

117 3012 215 3072 utpote
234 3003 391 3070 neutiquam
408 3001 486 3053 vallis
505 3003 611 3064 cincta,
628 3009 816 3070 praeterquam
834 2999 892 3050 solo
912 2997 1097 3066 Hellesponto.
1118 2997 1198 3065 Quae

116 3090 180 3124 curn
199 3072 348 3124 Germanus
366 3089 415 3140 per
432 3073 613 3140 speculatores
632 3071 799 3131 rescivisset,
824 3067 1057 3138 intellexissetque
1087 3066 1198 3116 classem

117 3143 193 3194 illam
212 3141 389 3204 arundineam
407 3159 462 3193 non
473 3142 520 3192 diu
536 3141 708 3203 tardaturum,
724 3141 791 3209 quin
805 3138 963 3206 appelleret,
982 3137 1067 3189 irrisit
1085 3134 1196 3205 quidem

115 3213 239 3265 hostiurn
262 3215 459 3273 temeritatem,
482 3213 598 3263 maxime
623 3227 686 3262 vcro
705 3211 740 3262 de
764 3225 796 3260 ea
814 3209 918 3277 gavisus
939 3204 994 3269 est',
1019 3213 1148 3274 tanquam
1167 3206 1197 3256 in

116 3301 176 3336 rem
196 3297 271 3334 suam
289 3283 388 3333 lutura.
425 3281 574 3333 Confestim
594 3285 667 3333 enim
685 3282 818 3331 actuariae
836 3277 931 3347 viginti
952 3275 1097 3346 multiplici
1116 3276 1197 3326 remi-

116 3355 162 3424 gio
187 3369 268 3404 naves
294 3369 391 3422 easque
418 3351 552 3420 bipuppes
578 3353 643 3402 viris
669 3351 807 3418 complens
831 3349 951 3399 loricatis
980 3349 1142 3416 clypeosque
1168 3351 1197 3394 et

116 3441 196 3476 atesis
223 3422 393 3492 gestantibus
424 3428 506 3490 atquc
531 3422 705 3490 inmagines,
737 3420 904 3488 remigesque
938 3419 971 3468 iis
1004 3419 1145 3484 imponens
1169 3419 1198 3464 et

116 3493 268 3555 naucleros,
286 3492 337 3544 sub
356 3493 513 3543 interiorem
531 3494 598 3543 mari
615 3500 773 3560 protensum
794 3489 920 3558 ungulum
938 3488 1023 3538 velasti
1046 3487 1074 3536 in
1089 3485 1197 3535 insidiis

117 3566 260 3633 applicans
279 3561 444 3626 occultavit,
470 3577 505 3612 ne
523 3564 627 3612 eminus
645 3561 763 3629 prospici
782 3567 899 3628 possent
936 3560 1114 3627 Posteaquam
1133 3571 1196 3606 vero

115 3633 241 3697 barbari,
264 3640 386 3702 superata
409 3632 618 3701 transmissoque
649 3632 703 3681 iam
726 3629 940 3700 prominentiore
965 3635 1047 3697 atque
1076 3635 1193 3676 extrema

116 3715 145 3755 et
162 3713 235 3755 tram
253 3703 331 3754 littus
350 3711 471 3756 exstante
488 3705 558 3754 muri
574 3710 659 3770 parte,
677 3700 712 3751 ad
731 3701 859 3752 interiora
879 3697 1066 3758 deflectebant,
1084 3711 1194 3762 magna-

117 3790 171 3844 que
190 3775 342 3825 animorum
360 3773 525 3825 confidentia
544 3773 717 3824 serebantur:
745 3781 803 3822 tum
821 3785 884 3820 sero
906 3767 1043 3819 actuariae
1063 3767 1196 3816 Romano·

116 3861 175 3895 rum
194 3843 348 3906 solverunt,
376 3851 524 3912 contraque
544 3844 573 3894 in
592 3859 637 3893 eas
655 3849 719 3892 sunt
740 3840 862 3901 ‹lelatae,
889 3846 918 3889 et
942 3837 1052 3908 quidem
1077 3837 1196 3886 secundo

115 3922 193 3966 aestu
212 3913 373 3974 adiurante,
393 3913 510 3964 sslversis
527 3915 613 3978 proris
632 3909 842 3972 descendentes,
868 3909 1014 3959 violentius
1037 3909 1066 3958 ln
1083 3906 1196 3956 arundi-

116 4003 181 4035 neas
194 3982 337 4034 -navlculas
356 3985 477 4042 irruunt,
495 3991 577 4050 atque
595 3981 646 4032 hae
665 3982 777 4050 quidem
796 3981 914 4048 impetus
932 3981 957 4028 ri
985 3979 1013 4029 ln
1033 3975 1195 4028 contrarium

115 4056 221 4122 pulsae,
239 4051 745 4120 volutabanturcircumagebanturque
762 4050 791 4101 in
810 4049 877 4112 salo,
897 4049 932 4099 ita
949 4057 979 4099 ut
989 4057 1109 4098 vectores
1128 4045 1194 4096 sub-

117 4126 212 4184 sistere
230 4125 259 4178 in
277 4124 311 4174 iis
329 4131 387 4175 tuto
410 4139 465 4174 non
484 4130 608 4192 possent,
632 4119 680 4173 sed
698 4121 746 4174 alii
768 4121 797 4174 in
820 4117 915 4173 linctus
937 4122 1041 4172 excussi
1061 4115 1192 4186 perirent,
