2900 4792
363 278 367 286 ι
419 238 700 303 msronmnun
731 238 781 299 w.
805 244 833 305 1.
1098 226 1177 316 2⁰7

95 396 221 474 χεσθαι
232 390 297 455 ἀπό
308 392 658 471 τοότωνξυνεθισθεϊεν,
669 384 750 455 ἀλλά
762 381 916 470 καίόπως,
926 389 956 453 εἰ
966 382 1207 470 μὲνάςμηδί-Α.
1224 400 1251 454 c.
1267 397 1318 458 555

95 514 161 565 σας
171 487 350 577 πρότερονό
363 492 394 554 Γ
391 489 526 575 υυβάζης
537 491 722 555 δικαιότατα
733 486 845 575 φανείη
857 480 1057 575 ἀνῃρημένος,
1071 467 1203 569 ’μηκέτιῑ
1214 474 1233 526 Ῑ·
1249 492 1283 546 29

95 584 239 679 ἀνιῷντο
255 586 431 671 οἱΚόλχοι,
451 582 534 674 μηδὲ
549 586 594 665 ἀς
605 616 637 654 τι
654 586 756 652 δεινόν
773 585 959 659 πεπονθότες
974 584 1182 668 ἀγανακτοῖεν.

93 690 126 752 εἰ
145 690 186 753 δέ
203 712 240 771 γε
254 684 379 753 ἅπαντα
393 686 684 771 καταψευσάμενοι,
711 684 767 750 καί
780 676 886 750 ἀδικον
900 686 1025 766 μίασμα
1045 682 1182 769 δράσαν-

71 807 150 867 5τες
169 783 275 851 ἁλοῖεν
293 785 322 850 οἱ
337 784 546 868 ἀπεκτονότες,
566 783 647 851 οὕτω
667 810 702 850 τε
721 786 1024 868 καταδιαιτηθέναες,
1045 785 1101 846 καί
1119 778 1179 845 aine*

91 886 211 973 κήρυκι
231 888 343 973 πομπηῖ
360 880 418 950 ἀνά
436 884 475 950 τοὶ
492 884 596 971 πλήθη
610 888 806 971 περιηγμένοι
814 934 824 964 ,
846 878 912 948 εἶτα
934 879 977 969 τῷ
992 882 1211 967 παλαμναίηιΒ

91 985 192 1070 ξίφει,
215 982 362 1049 ἀπόντων
381 990 558 1069 θεωμένων,
584 988 841 1071 καρατομηθεῖεν,
869 978 938 1045 τότε
962 976 1001 1063 δὴ
1020 975 1129 1061 μεῖζόν
1146 1004 1179 1047 τι

92 1082 218 1162 δόξειεν
239 1077 322 1148 εἶναι
343 1080 380 1147 τὸ
398 1087 517 1169 πέρας,
547 1084 602 1148 καί
624 1085 798 1148 διπλασίων
818 1079 1000 1166 ἧτιμιορία.
1030 1079 1180 1164 timorate

90 1180 156 1267 γὰρ
179 1180 242 1263 ἀς,
259 1183 362 1263 εἰμὲν
383 1178 466 1247 otro
484 1207 552 1258 πως
566 1187 601 1248 ἐν
613 1177 780 1269 ἀπορρήτῳ
794 1179 1069 1264 βαρβαρικώτερον
1089 1174 1180 1242 ‘Pon‘-

59 1276 206 1346 ισστικόν
232 1305 267 1346 τε
297 1284 353 1345 καί
382 1280 531 1367 Ἰωάννην
562 1284 785 1369 διαφθαρῆναι
811 1276 1069 1364 παρακελεύσαιο
1076 1329 1086 1357 ,
1123 1274 1178 1339 οόκ

91 1374 309 1466 ἀποχρώντως
331 1377 513 1465 ἡγήσασθαι
537 1374 577 1447 ἀν
598 1378 671 1457 τοός
699 1378 848 1462 Κόλχους
871 1374 930 1461 τὴν
951 1374 1046 1463 ὕβριν
1070 1370 1179 1451 αὐτοῖς
1258 1443 1262 1449 ,

92 1478 344 1560 ἀπεσκευάσθαι,
357 1480 433 1545 rtet
445 1478 664 1566 προσήκουσαν
676 1474 788 1563 ποινην
801 1478 993 1559 κομίσασθαι
1002 1477 1064 1540 τῶν
1075 1473 1179 1560 ἦμαρ-

90 1580 245 1662 cristam.
266 1580 465 1664 δικαστηρίου
486 1581 522 1642 δὲ
541 1576 749 1654 καταστάντος
760 1628 770 1659 ,
804 1576 859 1640 καί
875 1573 1050 1658 ἀντιλογίας
1072 1570 1179 1638 ἑκατό-

91 1680 202 1761 ρωθεν
216 1677 441 1763 προελθοόσης,
461 1676 518 1742 καί
527 1680 590 1742 τῶν
600 1677 767 1765 όπηριτῶν
782 1669 849 1741 ἀνω
865 1698 899 1739 τε
917 1672 973 1739 καί
985 1674 1069 1739 κάτω
1091 1675 1177 1737 διατ-

59 1772 230 1857 ι5τόντων,
259 1774 314 1839 καί
332 1769 416 1852 όπως
435 1780 500 1840 τεόν
517 1780 710 1863 κρινομένων
733 1778 863 1851 ἕκαστος
880 1775 915 1839 όν
932 1770 1037 1861 κόσμῳ
1055 1768 1176 1856 ἑστήξει

92 1873 149 1938 καί
164 1870 380 1959 ἀποκρινεῖται
400 1878 667 1957 διαταττομένων,
696 1865 789 1957 όγκου
807 1892 840 1937 τε
864 1874 1044 1937 δικαστικοό
1064 1884 1204 1958 pasto-C
1272 1886 1275 1894 “

90 1977 212 2055 μένου,
248 1975 303 2037 καί
327 1970 556 2060 μεγαληγορίας
577 1970 787 2057 ἀκουομένης,
820 1970 875 2035 καί
895 1969 950 2036 ἐπὶ
969 1967 1093 2047 τούτοις
1116 1974 1176 2036 caii
1251 1976 1254 1981 “

93 2067 230 2158 ὀλέθρου
267 2074 515 2158 φρικωδέστερον
535 2074 778 2156 ἐπιγιγνομένου·
812 2066 932 2135 τσότων
953 2069 991 2155 δη
1011 2064 1069 2135 οόν
1092 2059 1252 2152 micui„

91 2174 340 2257 πρασσομένων,
361 2168 468 2257 ἕτερόν
482 2196 514 2235 τι
532 2173 641 2248 αότοῖς
656 2173 767 2253 μεῖζον
786 2168 841 2235 καί
855 2170 942 2251 μάλα
962 2167 1088 2244 εἰκότως
1112 2192 1176 2255 φα-

58 2274 219 2339 roucourt
237 2269 273 2335 τό
293 2272 405 2355 χρῆμα
420 2271 601 2354 ἐγιγνωσκε,
629 2269 685 2335 καί
700 2268 785 2353 τόχα
804 2268 863 2353 τὴν
875 2266 965 2345 ἀξίαν
978 2272 1037 2334 τοῦ
1049 2270 1175 2353 ἐπικλή-

90 2389 190 2449 ματος
212 2367 422 2455 ἀπερβάλλον.
447 2373 547 2434 ταῦτα
564 2368 624 2457 γὰρ
650 2369 705 2435 καί
722 2368 796 2446 τοός
813 2373 847 2435 ἐν
861 2366 1027 2457 Βυζαντίῳ
1049 2362 1175 2450 ἀστοός,

158 2519 186 2573 5.
205 2518 235 2570 oi
251 2515 441 2577 ἀπεκτονότες
457 2521 501 2584 n,
520 2527 570 2578 art.
589 2539 642 2579 om.
658 2521 730 2592 vulg.
799 2522 824 2575 8.
840 2520 926 2591 Lugd.
953 2538 1004 2592 mg.
1025 2524 1063 2577 tu.
1085 2520 1175 2591 τέρας.

161 2590 202 2656 ri.
222 2586 394 2643 διαττόντων
407 2591 477 2659 vulg.
497 2608 531 2643 ex
549 2594 618 2644 coni.
636 2594 667 2645 in
679 2610 730 2662 mg.
742 2592 838 2662 Luget,
855 2593 939 2665 Intpr.
955 2592 1030 2648 ultro
1048 2594 1174 2664 citroque

156 2660 367 2725 cursitantibus,
379 2658 584 2717 διαταττδνιυν
598 2664 627 2715 n
641 2672 670 2715 ct
678 2662 764 2733 Lngd.
842 2670 846 2687 ¹

91 2831 148 2866 mm
166 2816 249 2867 etiam
267 2821 313 2878 nt,
339 2816 362 2867 si
411 2814 485 2868 idem
508 2816 631 2869 anazes
653 2816 807 2871 deiectione
833 2824 912 2871 antea
938 2818 972 2871 ad
992 2815 1088 2870 Medos
1109 2823 1172 2869 teu-

90 2892 144 2937 tata
162 2902 254 2937 caesus
270 2887 357 2939 inisse
397 2886 643 2955 eprehenderctur‚
667 2904 723 2939 non
746 2889 863 2957 amplius
883 2890 941 2940 eius
965 2888 1074 2940 eaedem
1093 2886 1171 2939 dole-

90 2964 151 3007 rent
164 2955 279 3027 Colchi,
296 2972 388 3027 neque
407 2966 438 3008 ut
455 2958 525 3027 gravi
543 2959 613 3009 malo
634 2966 746 3027 accepto
767 2958 981 3028 indignarentur.
1000 2958 1029 3010 Si
1048 2974 1110 3008 vero
1128 2956 1173 3009 iu·

90 3028 248 3079 terfectores
267 3043 317 3095 per
343 3027 447 3085 sairam,
463 3028 680 3080 criminationem
702 3028 829 3080 facinoris
854 3030 998 3097 piacularis
1023 3026 1173 3097 perpetrati

90 3099 338 3161 convincerentur,
364 3098 430 3165 ipris
457 3098 569 3166 publico
598 3098 703 3150 iudicio
729 3097 889 3161 damnatis,
914 3108 941 3149 et
967 3106 1114 3165 praeeunte
1142 3114 1174 3149 ac

90 3168 271 3234 proclamante
289 3184 422 3236 praecone
440 3184 490 3237 per
513 3170 662 3221 exercitum
685 3168 874 3221 circumductis
891 3167 1055 3239 vindiceque
1073 3166 1173 3237 gladio,

91 3237 215 3289 omnibus
234 3238 428 3307 spectantibus,
449 3240 539 3308 capite
561 3240 715 3302 truncatis,
740 3240 857 3291 atrocior
876 3238 997 3291 barbaris
1019 3240 1059 3290 rei
1084 3239 1173 3290 exitus

92 3313 119 3356 ct
140 3306 308 3376 duplicatum
332 3309 496 3377 supplicium
519 3326 577 3362 esse
598 3308 745 3361 videretur.
783 3310 893 3362 Sciebat
916 3310 998 3372 enim,
1014 3310 1037 3360 ri
1061 3308 1173 3360 clande-

91 3376 161 3429 stina
180 3394 249 3429 nece
266 3378 436 3431 barbaricum
452 3379 482 3430 in
495 3396 598 3432 morem
616 3380 756 3432 Rusticum
774 3388 802 3433 et
819 3382 946 3433 Ioannem
965 3378 1087 3435 emedio
1110 3380 1172 3433 tolli

90 3446 257 3511 mandasset,
276 3450 476 3501 existimaturo·
502 3449 637 3513 Colchos,
655 3451 793 3513 iniuriam,
817 3468 898 3521 quam
924 3458 1092 3519 acceperant,
1115 3466 1172 3501 non

90 3519 152 3569 satir
166 3534 255 3587 proco
271 3518 436 3579 redebebat
446 3519 617 3585 vindicatam,
633 3538 724 3591 neque
739 3524 805 3575 ratis
818 3538 909 3591 graves
923 3522 956 3574 de
976 3522 1088 3573 crimine
1103 3536 1171 3589 poe·

74 3627 80 3647 ,
91 3602 136 3639 nm
144 3597 246 3641 rumine
256 3589 347 3642 inisse.
366 3590 472 3641 indicio
486 3606 550 3642 vero
563 3608 612 3660 pro
626 3592 759 3644 tribunali
779 3594 922 3655 instituto,
941 3600 969 3644 et
981 3608 1060 3645 causa
1072 3594 1171 3643 utrim-

92 3674 144 3728 que
163 3660 335 3727 diremtum,
354 3669 382 3712 et
399 3660 532 3712 ministris
549 3662 699 3715 iudiciariir
717 3664 789 3715 ultro
809 3663 932 3733 citroque
949 3662 1171 3726 commeantibus,

91 3736 173 3799 atquc
192 3738 297 3782 actores
325 3738 354 3781 et
376 3731 417 3781 rei
440 3738 503 3797 apte
522 3748 570 3783 sno
596 3730 693 3784 ordine
714 3734 933 3802 interloquantur
951 3732 1171 3803 procurantibus,

90 3808 210 3851 versante
228 3800 310 3851 etium
330 3800 367 3851 ob
386 3801 480 3853 oculos
504 3802 646 3854 maiestate
668 3802 793 3856 iudiciali
819 3812 847 3855 et
864 3801 1101 3874 grandiloqucntia
1120 3821 1170 3854 au-

93 3884 132 3920 res
149 3870 284 3933 feriente,
303 3887 393 3940 eoque
412 3871 487 3922 omni
513 3883 644 3942 apparatu
670 3884 785 3926 mortem
807 3875 994 3926 imminentem
1012 3872 1172 3925 horribilio-

91 3955 143 3989 rem
161 3940 299 3992 efficicnte
313 3958 322 4007 3
334 3940 386 4003 his,
406 3940 531 4011 inquam,
549 3944 676 3996 omnibu·
696 3944 735 3995 ita
755 3946 881 4013 peractis,
897 3960 953 3995 rem
975 3946 1061 4015 ipram
1082 3946 1170 3995 maius

92 4008 194 4079 aliquid
215 4016 298 4131 Ἓξ
321 4011 437 4064 atrocius
462 4009 586 4065 barbaris
609 4030 668 4066 erse
693 4022 971 4082 repraesentaturam,
1005 4022 1034 4068 et
1058 4014 1170 4065 fortusse

91 4080 209 4132 criminis
293 4082 341 4132 issi
361 4082 490 4133 meritum
514 4083 654 4136 excedens.
693 4085 765 4137 Haec
790 4086 862 4136 enim
889 4085 970 4137 etiam
999 4085 1071 4155 ipsos
1099 4086 1169 4135 cives

91 4148 265 4217 trientinae,
288 4152 396 4219 tametsi
417 4150 576 4223 frequenter
598 4154 658 4207 tlttc
683 4156 868 4227 contingant,
890 4155 1061 4227 percellunt,
1087 4162 1171 4224 atquc
