2900 4792
421 214 704 299 msronunuu
734 236 787 297 ιτ.
808 234 838 304 ε.
1096 184 1172 289 aar

88 394 171 469 ἄλλ’
185 396 264 467 ἔνθα
288 396 325 463 τὸ
344 398 466 464 δίκαιον
481 397 621 485 ένεργδν,
654 401 710 464 καί
723 402 780 463 τοῦ
796 388 1000 483 προσήκοντος
1018 384 1064 473 μὴ
1086 380 1330 471 circumiit

89 500 231 589 φρονοίη
249 494 285 564 τὸ
305 488 490 585 ἐφιέμενον,
511 496 566 564 καί
577 495 685 580 μόνοις
697 508 761 575 τοῖς
781 494 957 563 καθεστῶσι
975 488 1011 555 ci
1033 482 1183 575 φρόνημα
1192 467 1215 524 ¹·
1225 465 1246 519 ¹·
1253 481 1290 537 ²9

90 604 157 683 τῆς
170 601 279 683 ψυχῆς
287 591 502 683 ἆναμετροῑτο.
516 598 546 663 εί
554 600 614 679 μὲν
628 586 686 663 οὖν
699 599 841 664 τοιοῦτον
853 578 1182 673 ἅπεκτὸναμενᾶνδρα,

94 699 274 785 παράνομα
288 696 539 781 τετολμήκαμεν,
561 694 712 783 ἔνδικοςῆ
732 696 915 783 κατηγορία,
935 685 1061 765 εῖκότως
1080 688 1206 770 βίαιοιΒ

71 800 158 863 ἔκειτ’
180 794 327 875 ἀλαζόνες
343 799 399 861 καί
419 794 584 883 μιαιφόνοι
602 796 688 883 παρὰ
709 798 774 863 ταῖν
798 790 936 876 Κόλχων
955 784 1187 871 δνομαζόμεθα.

90 902 127 963 εἰ
144 900 183 962 δὲ
201 895 320 963 τούτων
337 898 397 979 μὲν
416 895 460 974 οἷς
482 894 678 985 παρ’ῥωτιέτω
700 906 763 974 τοῖς
788 894 912 983 τρόποις
929 887 1100 981 οἷπρλκιστο,
1128 886 1187 969 μέ-

90 1020 189 1083 τριον
204 997 240 1061 δὲ
258 994 353 1062 oridia
371 988 412 1083 ἦν
430 988 517 1086 edrqi
532 998 793 1080 βεβουλευμένον,
822 988 891 1059 ἀλλ’
910 984 936 1078 ἢ
957 986 1031 1067 τοὺς
1054 988 1187 1072 Πέρσας

92 1100 174 1161 καθ’
192 1094 283 1184 ἡμῶν
304 1100 468 1184 λαθραίως
489 1096 631 1181 έπάγειν,
660 1096 716 1163 καὶ
739 1092 975 1182 καταπροέσθαι
999 1086 1056 1174 τὴν
1075 1082 1186 1171 χώραν

91 1194 249 1273 ἐκείνοις·
278 1196 403 1274 πῶςόδ
415 1199 535 1280 μᾶλλον
554 1197 652 1283 ἐχρῆν
670 1200 798 1285 φθασαι
818 1218 870 1259 τον
883 1216 938 1258 του
952 1194 1056 1256 δεινου
1077 1204 1185 1269 καιρον

53 1296 140 1385 ἱστῷ
162 1294 393 1383 προτερήματι,
420 1288 460 1381 ἢ,
479 1292 538 1381 τὴν
565 1295 726 1379 βασιλειαν
747 1290 861 1379 στολὴν
881 1291 1100 1369 αἰδεσθέντας,
1121 1278 1184 1349 ent

91 1404 162 1473 τοῖς
182 1398 340 1479 πολεμίοις
353 1397 523 1481 γενέσθαι,
550 1404 615 1472 τοῖς
633 1392 694 1481 γὰρ
712 1390 855 1459 κίνδυνόν
876 1408 951 1457 τινα
973 1384 1184 1471 μελετώμενον

91 1493 160 1558 ainsi
177 1518 234 1561 του
258 1491 502 1583 προεγνωκόσιν,
528 1492 601 1561 ένδν
624 1495 692 1578 μὲν
710 1496 847 1559 ἐκκλῖναι
870 1488 907 1557 τὸ
926 1486 1104 1577 παραυτίκα
1126 1481 1183 1571 τὴν

92 1590 278 1679 ἐπιβοαλὴν,
298 1592 368 1676 καί,
389 1593 425 1659 τδ
442 1590 545 1681 παρὸν
558 1586 754 1680 ἀμωσγέπως
766 1592 1086 1680 παρακρουσαμένοις,
1107 1610 1184 1670 σχο-

93 1692 245 1780 λαίτερον
268 1694 303 1757 έν
326 1688 447 1783 interp
474 1700 540 1769 τοῖς
565 1694 796 1781 προσπεσοῦσιν
823 1688 1048 1779 ἁρμόσασθαι,
1081 1680 1210 1769 aalide

56 1788 224 1877 ιόὦμότης
243 1796 467 1880 προεπιφέρειν
481 1791 541 1879 τὴν
560 1794 733 1880 τιμωρίαν,
754 1788 809 1857 καί
823 1789 868 1875 μὴ
883 1792 1001 1873 μᾶλλον
1020 1788 1187 1881 doxain-inc

91 1893 132 1977 τῇ
149 1892 209 1954 τοῦ
229 1881 501 1973 ἀντεπιβουλεύειν
521 1888 620 1975 τυχὸν
643 1888 780 1981 έξουσίρ.
807 1886 894 1959 ἔνθα,
913 1888 969 1970 δὲ,
990 1888 1054 1951 τοῖν
1071 1888 1186 1971 βεβουι

92 1992 259 2071 λεαμένων
282 1990 329 2066 εἷς
353 1990 443 2077 ἔργον
463 1991 648 2077 ἀχθέντων,
676 1992 770 2057 οὐδὲν
793 1986 842 2057 ἔτι
863 1992 1003 2054 λείπεται
1025 1982 1101 2074 πρὸς
1116 1985 1185 2050 έπι-

93 2090 247 2174 κουρίαν,
267 2083 338 2153 ἇλλ’
359 2082 458 2177 ἄρδην
482 2091 583 2168 aalide
606 2088 732 2156 ἅπαντα
759 2088 898 2173 οἴχεται,
925 2086 1185 2175 συναφαιρουμέ-

93 2209 161 2250 νων
174 2190 215 2273 τῇ
229 2190 315 2277 κοινῇ
339 2186 478 2279 σωτηρίᾳ
493 2186 549 2255 καὶ
571 2178 687 2256 αὐτῶν
699 2187 799 2277 δήπου
820 2190 883 2279 των
899 2186 977 2272 ὑπὲρ
996 2184 1110 2271 ταίπης
1132 2184 1183 2246 έλ-

54 2284 216 2370 ποπίδων,
245 2287 388 2353 ἐνταῦθα
412 2284 449 2354 τὸ
468 2287 562 2371 τάχος
585 2286 724 2376 αἱρετέον
749 2294 813 2364 τοῖς
833 2283 989 2375 ἕμφροσι,
1020 2283 1076 2351 καί
1097 2279 1182 2361 ὅπως

92 2387 196 2470 μηδὲν
215 2382 318 2454 ὁτιοῦν
336 2388 399 2455 τῶν
420 2382 595 2474 ἀνηκέστων
612 2390 772 2455 πείσονται
796 2384 1079 2472 παρασκευαστέον.

176 2503 206 2588 ἦ.
227 2504 293 2585 „Ei
302 2502 409 2569 τοίνυν
420 2502 476 2570 κατ’
487 2504 688 2592 διαρραγεῖεν
701 2504 732 2570 οἱ
748 2502 920 2593 κατήγοροι,
939 2504 1065 2585 μίασμα
1080 2502 1180 2585 βοοῖν-

164 2642 191 2693 3.
209 2640 314 2692 τοῦτον
328 2641 357 2691 Pa
422 2642 446 2694 5.
464 2640 543 2695 Anna
560 2637 738 2713 dideroqae?
810 2642 850 2697 rb.
870 2635 902 2693 τὸ
922 2636 1180 2709 βεβουλευμένονλλ.

163 2726 206 2763 aa.
224 2711 428 2765 ectromate
498 2728 540 2764 aa
562 2710 754 2784 διαρραγεῖεν
772 2714 801 2766 Β.

91 2856 325 2927 cogitationesque
350 2872 411 2909 suas
436 2858 495 2909 solo
518 2855 635 2911 honesto
661 2858 782 2911 metitur.
827 2858 910 2931 Quod
928 2861 952 2913 si
977 2860 1069 2929 itaqua
1096 2856 1179 2911 taleni

90 2928 179 2995 virum
196 2926 399 2991 interfecimus,
427 2934 522 2981 contra
538 2928 611 2998 leges
628 2928 759 2993 fecimus,
786 2928 859 2981 insta
884 2937 927 2981 est
941 2929 1094 2991 accusatio,
1119 2943 1179 2979 me-

91 2997 145 3047 rito
162 2995 289 3059 violenti,
310 2996 422 3066 superbi
438 3005 468 3050 et
483 2998 612 3052 sicorim
628 2996 738 3051 Colchis
759 2998 935 3068 appellamur.
972 2999 1002 3051 Si
1019 3013 1082 3051 vero
1102 2997 1178 3051 illius

91 3082 179 3119 morea
198 3065 233 3118 ab
250 3064 326 3119 bisce
343 3069 492 3122 virtutihus
511 3086 592 3142 quarn
610 3069 767 3139 longissime
788 3068 918 3132 aberant,
948 3068 1020 3121 nihil
1038 3082 1102 3120 veru
1119 3083 1178 3119 nro·

89 3134 212 3191 deratum
230 3138 322 3189 animo
339 3139 475 3207 agitabat,
492 3140 595 3193 sedvel
608 3148 641 3193 ut
653 3142 744 3194 Peraea
763 3138 793 3205 in
807 3156 857 3193 noa
871 3140 940 3191 clam
954 3138 1103 3191 adduceret
1121 3138 1177 3191 eis-

89 3224 143 3277 que
161 3206 296 3260 ditionem
312 3219 432 3263 nostram
449 3209 594 3280 proderet,
616 3229 665 3263 eur
678 3226 735 3263 non
755 3210 849 3279 potius
867 3210 988 3278 oportuit
1009 3206 1177 3259 imminentia

89 3279 153 3329 mali
174 3280 343 3332 occasionem
367 3279 420 3336 boc
441 3282 579 3350 praeclaro
604 3280 725 3335 facinore
750 3286 933 3345 antevertere,
968 3294 1049 3351 quam
1074 3278 1176 3346 regium

88 3344 214 3401 babitnan
231 3349 350 3403 verendo
368 3351 397 3404 in
414 3350 533 3405 bostium
549 3360 714 3422 potestatem
733 3348 845 3404 venire?
886 3350 944 3421 Qui
968 3350 1042 3403 enirn
1067 3348 1177 3417 pericu-

89 3418 145 3470 lum
163 3420 277 3494 aliquod
296 3438 312 3472 a
330 3421 460 3493 quopiam
477 3422 703 3493 praemeditatum
726 3422 945 3492 praesciverunt,
970 3435 1086 3491 cumque
1109 3434 1176 3485 pro-

86 3488 162 3542 tinus
180 3500 293 3557 possent
309 3491 423 3546 insidias
437 3490 588 3558 declinare,
605 3503 634 3546 et
646 3508 774 3563 praesens
788 3491 934 3546 discrimen
948 3499 1094 3562 utcumque
1108 3505 1175 3557 prov

86 3559 221 3625 pulsando
240 3562 412 3615 cunctantius
430 3580 489 3615 sese
515 3564 544 3616 in
568 3572 707 3634 posterum
732 3561 859 3615 adversus
882 3570 980 3617 eventa
1002 3576 1176 3631 comparare,

87 3644 201 3699 magnae
218 3629 389 3685 crudelitatis
406 3634 491 3686 suerit
506 3633 594 3687 multo
612 3642 676 3688 ante
693 3634 728 3687 iia
746 3635 913 3702 supplicium
929 3632 1046 3697 inferre,
1073 3638 1102 3683 et
1118 3648 1176 3685 non

86 3700 178 3767 potius
196 3708 339 3754 contentos
356 3718 414 3755 ease
435 3705 573 3769 facultate,
592 3722 673 3775 quam
698 3702 811 3767 habent,
830 3703 944 3758 insidias
968 3702 1110 3756 contrariis
1130 3702 1175 3755 in·

86 3767 165 3823 sidiis
181 3772 368 3839 propulsandi.
404 3773 457 3826 Ubi
475 3791 539 3827 vero
555 3774 805 3827 machinationibus
824 3777 879 3827 ianr
900 3777 930 3829 iu
944 3781 1034 3827 actum
1049 3774 1174 3828 deductis

85 3838 159 3893 nibil
178 3840 214 3893 ad
230 3842 381 3895 remedium
401 3844 566 3917 dereliqui,
584 3845 633 3898 sed
646 3846 757 3897 iamiam
770 3848 861 3900 omnia
876 3862 984 3915 peanum
1003 3853 1089 3908 eunt,
1106 3844 1174 3897 sub·

86 3908 140 3965 lata
172 3928 228 3965 una
251 3931 313 3965 cum
330 3918 467 3967 communi
488 3915 578 3968 salute
603 3916 678 3968 omni
699 3917 782 3968 etiam
799 3918 858 3969 eius
877 3933 938 3985 spe,
963 3915 1004 3967 ibi
1022 3923 1081 3967 tum
1106 3932 1172 3982 prn-

88 3979 219 4035 ‹lontibus
237 3985 304 4037 viris
324 3985 520 4039 acceleratione
538 3994 580 4038 eat
601 3986 753 4051 utendum,
781 3994 810 4039 et
832 4002 868 4039 ne
895 3986 1095 4041 irremediabile
1118 3986 1173 4039 rti-

87 4052 161 4119 quod
179 4055 281 4107 malurn
297 4055 442 4124 accipiant,
459 4055 680 4127 praecavendum
792 4116 794 4121 ,

155 4158 179 4209 n.
199 4157 328 4216 „Etiamsi
337 4158 434 4231 itaque
450 4157 654 4230 dirmmpantur
671 4168 848 4227 accusatores,
865 4160 1002 4232 piaculare
1017 4156 1105 4213 accius
1119 4152 1171 4209 'rc-
