<?xml version="1.0" encoding="UTF-8"?>
<!DOCTYPE html PUBLIC "-//W3C//DTD XHTML 1.0 Transitional//EN"
    "http://www.w3.org/TR/xhtml1/DTD/xhtml1-transitional.dtd">
<html xmlns="http://www.w3.org/1999/xhtml" xml:lang="en" lang="en">
 <head>
  <title>
</title>
<meta http-equiv="Content-Type" content="text/html;charset=utf-8" />
  <meta name='ocr-system' content='tesseract 3.04.00' />
  <meta name='ocr-capabilities' content='ocr_page ocr_carea ocr_par ocr_line ocrx_word'/>
</head>
<body>
  <div class='ocr_page' id='page_1' title='image "./corpusscriptoru55theogoog/corpusscriptoru55theogoog_0404.png"; bbox 0 0 2900 4792; ppageno 0'>
   <div class='ocr_carea' id='block_1_1' title="bbox 242 193 895 323">
    <p class='ocr_par' dir='ltr' id='par_1_1' title="bbox 242 193 895 323">
     <span class='ocr_line' id='line_1_1' title="bbox 242 193 895 323; baseline 0.005 -30"><span class='ocrx_word' id='word_1_1' title='bbox 242 193 327 283; x_wconf 79' lang='lat'><strong>330</strong></span> <span class='ocrx_word' id='word_1_2' title='bbox 655 314 659 323; x_wconf 90' lang='lat'>.</span> <span class='ocrx_word' id='word_1_3' title='bbox 683 225 895 296; x_wconf 75' lang='lat' dir='ltr'><strong>astruite</strong></span> 
     </span>
    </p>
   </div>
   <div class='ocr_carea' id='block_1_2' title="bbox 104 375 1364 2356">
    <p class='ocr_par' dir='ltr' id='par_1_2' title="bbox 104 375 1364 2356">
     <span class='ocr_line' id='line_1_2' title="bbox 104 375 1324 470; baseline 0.005 -26"><span class='ocrx_word' id='word_1_4' title='bbox 104 390 136 444; x_wconf 77' lang='lat' dir='ltr'><strong>A·</strong></span> <span class='ocrx_word' id='word_1_5' title='bbox 147 390 177 444; x_wconf 84' lang='lat' dir='ltr'><strong>(i.</strong></span> <span class='ocrx_word' id='word_1_6' title='bbox 191 383 292 446; x_wconf 62' lang='lat' dir='ltr'><strong>sesto</strong></span> <span class='ocrx_word' id='word_1_7' title='bbox 311 375 365 442; x_wconf 90' lang='grc' dir='ltr'><strong>τύν</strong></span> <span class='ocrx_word' id='word_1_8' title='bbox 382 375 502 464; x_wconf 86' lang='grc' dir='ltr'><strong><em>μηρύν,</em></strong></span> <span class='ocrx_word' id='word_1_9' title='bbox 532 376 577 454; x_wconf 72' lang='lat' dir='ltr'><strong>dc</strong></span> <span class='ocrx_word' id='word_1_10' title='bbox 594 383 712 468; x_wconf 83' lang='grc' dir='ltr'><em>μικροῦ</em></span> <span class='ocrx_word' id='word_1_11' title='bbox 729 384 794 448; x_wconf 83' lang='grc' dir='ltr'><strong>δεῖν</strong></span> <span class='ocrx_word' id='word_1_12' title='bbox 812 385 965 470; x_wconf 83' lang='grc' dir='ltr'><strong><em>μελλῆσαι</em></strong></span> <span class='ocrx_word' id='word_1_13' title='bbox 995 375 1160 470; x_wconf 78' lang='grc' dir='ltr'><strong><em>ύαύμαγος</em></strong></span> <span class='ocrx_word' id='word_1_14' title='bbox 1178 378 1324 450; x_wconf 75' lang='grc' dir='ltr'><strong><em>ἔσεσθαι·</em></strong></span> 
     </span>
     <span class='ocr_line' id='line_1_3' title="bbox 129 462 1324 570; baseline 0.006 -29"><span class='ocrx_word' id='word_1_15' title='bbox 129 462 150 515; x_wconf 79' lang='lat'><strong>¹·</strong></span> <span class='ocrx_word' id='word_1_16' title='bbox 163 463 185 516; x_wconf 78' lang='lat'><strong>¹·</strong></span> <span class='ocrx_word' id='word_1_17' title='bbox 197 465 322 560; x_wconf 66' lang='grc' dir='ltr'><strong>32σλῆν</strong></span> <span class='ocrx_word' id='word_1_18' title='bbox 340 469 443 560; x_wconf 74' lang='grc' dir='ltr'><strong><em>ἇλλ’ῆ</em></strong></span> <span class='ocrx_word' id='word_1_19' title='bbox 462 478 526 542; x_wconf 69' lang='grc' dir='ltr'><strong><em>τοῖν</em></strong></span> <span class='ocrx_word' id='word_1_20' title='bbox 543 477 755 566; x_wconf 66' lang='grc' dir='ltr'><strong>ἐφεστηκότων</strong></span> <span class='ocrx_word' id='word_1_21' title='bbox 774 480 966 570; x_wconf 71' lang='grc' dir='ltr'><em>πραγμάτων</em></span> <span class='ocrx_word' id='word_1_22' title='bbox 986 485 1114 570; x_wconf 76' lang='grc' dir='ltr'><strong><em>ἀνάγκη,</em></strong></span> <span class='ocrx_word' id='word_1_23' title='bbox 1134 483 1190 548; x_wconf 84' lang='grc' dir='ltr'><strong><em>καί</em></strong></span> <span class='ocrx_word' id='word_1_24' title='bbox 1209 481 1244 549; x_wconf 87' lang='grc' dir='ltr'><strong><em>τύ</em></strong></span> <span class='ocrx_word' id='word_1_25' title='bbox 1263 485 1324 565; x_wconf 85' lang='grc' dir='ltr'><strong><em>με’-</em></strong></span> 
     </span>
     <span class='ocr_line' id='line_1_4' title="bbox 240 577 1323 669; baseline 0.005 -30"><span class='ocrx_word' id='word_1_26' title='bbox 240 580 333 660; x_wconf 72' lang='grc' dir='ltr'><strong><em>γεθος</em></strong></span> <span class='ocrx_word' id='word_1_27' title='bbox 358 577 418 640; x_wconf 82' lang='grc' dir='ltr'><strong>τού</strong></span> <span class='ocrx_word' id='word_1_28' title='bbox 436 578 661 664; x_wconf 76' lang='grc' dir='ltr'><strong><em>ἐγχειρήματος</em></strong></span> <span class='ocrx_word' id='word_1_29' title='bbox 689 582 916 669; x_wconf 77' lang='grc' dir='ltr'><strong><em>ύγκρατὲστερα</em></strong></span> <span class='ocrx_word' id='word_1_30' title='bbox 936 585 991 668; x_wconf 85' lang='grc' dir='ltr'><strong>τῆς</strong></span> <span class='ocrx_word' id='word_1_31' title='bbox 1010 580 1123 668; x_wconf 86' lang='grc' dir='ltr'><strong><em>σ’δύνης</em></strong></span> <span class='ocrx_word' id='word_1_32' title='bbox 1151 607 1204 668; x_wconf 87' lang='grc' dir='ltr'><strong><em>γεγ</em></strong></span> <span class='ocrx_word' id='word_1_33' title='bbox 1258 605 1323 646; x_wconf 85' lang='grc' dir='ltr'><strong><em>ται·</em></strong></span> 
     </span>
     <span class='ocr_line' id='line_1_5' title="bbox 232 670 1323 766; baseline 0.005 -27"><span class='ocrx_word' id='word_1_34' title='bbox 232 673 299 739; x_wconf 82' lang='grc' dir='ltr'><strong>,καί</strong></span> <span class='ocrx_word' id='word_1_35' title='bbox 317 674 357 738; x_wconf 85' lang='grc' dir='ltr'><strong><em>ού</em></strong></span> <span class='ocrx_word' id='word_1_36' title='bbox 377 670 529 764; x_wconf 76' lang='grc' dir='ltr'><strong><em>πρότερον</em></strong></span> <span class='ocrx_word' id='word_1_37' title='bbox 557 671 670 762; x_wconf 86' lang='grc' dir='ltr'><strong><em>ύνῆκεν</em></strong></span> <span class='ocrx_word' id='word_1_38' title='bbox 700 677 795 756; x_wconf 89' lang='grc' dir='ltr'><strong><em>αύτύς</em></strong></span> <span class='ocrx_word' id='word_1_39' title='bbox 824 705 859 746; x_wconf 83' lang='grc' dir='ltr'><strong>τε</strong></span> <span class='ocrx_word' id='word_1_40' title='bbox 886 684 1019 766; x_wconf 73' lang='grc' dir='ltr'><strong><em>μοχθεῖν</em></strong></span> <span class='ocrx_word' id='word_1_41' title='bbox 1047 681 1103 748; x_wconf 77' lang='grc' dir='ltr'><strong>καὶ</strong></span> <span class='ocrx_word' id='word_1_42' title='bbox 1129 691 1192 760; x_wconf 83' lang='grc' dir='ltr'><strong><em>τοῖς</em></strong></span> <span class='ocrx_word' id='word_1_43' title='bbox 1213 672 1323 757; x_wconf 73' lang='grc' dir='ltr'><strong><em>ἄλλοις</em></strong></span> 
     </span>
     <span class='ocr_line' id='line_1_6' title="bbox 241 772 1343 866; baseline 0.008 -29"><span class='ocrx_word' id='word_1_44' title='bbox 241 772 493 858; x_wconf 75' lang='grc' dir='ltr'><strong>ἐγκελευόμενος,</strong></span> <span class='ocrx_word' id='word_1_45' title='bbox 521 779 598 862; x_wconf 81' lang='grc' dir='ltr'><strong><em>πρδν</em></strong></span> <span class='ocrx_word' id='word_1_46' title='bbox 618 777 745 865; x_wconf 87' lang='grc' dir='ltr'><strong><em>σφόδρα</em></strong></span> <span class='ocrx_word' id='word_1_47' title='bbox 766 784 908 866; x_wconf 80' lang='grc' dir='ltr'><strong><em>σημῆναι</em></strong></span> <span class='ocrx_word' id='word_1_48' title='bbox 934 779 969 846; x_wconf 87' lang='grc' dir='ltr'><strong><em>τύ</em></strong></span> <span class='ocrx_word' id='word_1_49' title='bbox 991 779 1142 863; x_wconf 79' lang='grc' dir='ltr'><strong><em>δυσμενὲς</em></strong></span> <span class='ocrx_word' id='word_1_50' title='bbox 1170 778 1225 844; x_wconf 84' lang='grc' dir='ltr'><strong>καύ</strong></span> <span class='ocrx_word' id='word_1_51' title='bbox 1243 779 1343 846; x_wconf 78' lang='grc' dir='ltr'><strong><em>πολ-5</em></strong></span> 
     </span>
     <span class='ocr_line' id='line_1_7' title="bbox 241 868 1322 965; baseline 0.008 -27"><span class='ocrx_word' id='word_1_52' title='bbox 241 872 315 951; x_wconf 88' lang='grc' dir='ltr'><strong><em>λούς</em></strong></span> <span class='ocrx_word' id='word_1_53' title='bbox 335 868 428 950; x_wconf 86' lang='grc' dir='ltr'><strong><em>ύσους</em></strong></span> <span class='ocrx_word' id='word_1_54' title='bbox 448 876 719 962; x_wconf 78' lang='grc' dir='ltr'><strong><em>διαχειρίσασθαι.</em></strong></span> <span class='ocrx_word' id='word_1_55' title='bbox 747 877 817 944; x_wconf 83' lang='grc' dir='ltr'><strong><em>τότε</em></strong></span> <span class='ocrx_word' id='word_1_56' title='bbox 844 883 904 962; x_wconf 75' lang='grc' dir='ltr'><strong><em>μὲν</em></strong></span> <span class='ocrx_word' id='word_1_57' title='bbox 931 871 987 945; x_wconf 88' lang='grc' dir='ltr'><strong>ούν</strong></span> <span class='ocrx_word' id='word_1_58' title='bbox 1007 881 1144 946; x_wconf 74' lang='grc' dir='ltr'><strong>διελύετο</strong></span> <span class='ocrx_word' id='word_1_59' title='bbox 1169 879 1191 965; x_wconf 87' lang='grc' dir='ltr'><em>ῆ</em></span> <span class='ocrx_word' id='word_1_60' title='bbox 1220 877 1322 964; x_wconf 84' lang='grc' dir='ltr'><strong><em>μύχη·</em></strong></span> 
     </span>
     <span class='ocr_line' id='line_1_8' title="bbox 242 968 1324 1066; baseline 0.003 -28"><span class='ocrx_word' id='word_1_61' title='bbox 242 972 299 1039; x_wconf 57' lang='grc' dir='ltr'><strong><em>και*</em></strong></span> <span class='ocrx_word' id='word_1_62' title='bbox 317 971 348 1038; x_wconf 83' lang='lat' dir='ltr'><strong>oi</strong></span> <span class='ocrx_word' id='word_1_63' title='bbox 363 973 522 1056; x_wconf 82' lang='grc' dir='ltr'><strong><em>Ῥωμαῖοι</em></strong></span> <span class='ocrx_word' id='word_1_64' title='bbox 541 968 637 1052; x_wconf 79' lang='grc' dir='ltr'><strong><em>αὖθις</em></strong></span> <span class='ocrx_word' id='word_1_65' title='bbox 656 974 731 1044; x_wconf 82' lang='grc' dir='ltr'><strong><em>εἴσω</em></strong></span> <span class='ocrx_word' id='word_1_66' title='bbox 752 982 809 1044; x_wconf 82' lang='grc' dir='ltr'><strong>τοῦ</strong></span> <span class='ocrx_word' id='word_1_67' title='bbox 829 979 982 1064; x_wconf 73' lang='grc' dir='ltr'><strong><em>ἐρύματος</em></strong></span> <span class='ocrx_word' id='word_1_68' title='bbox 1002 979 1198 1066; x_wconf 72' lang='grc' dir='ltr'><strong>ἐπανῆλθον,</strong></span> <span class='ocrx_word' id='word_1_69' title='bbox 1227 979 1324 1063; x_wconf 85' lang='grc' dir='ltr'><strong><em>γινού-</em></strong></span> 
     </span>
     <span class='ocr_line' id='line_1_9' title="bbox 211 1071 1323 1170; baseline 0.004 -31"><span class='ocrx_word' id='word_1_70' title='bbox 211 1091 366 1150; x_wconf 76' lang='grc' dir='ltr'><strong><em>εσκονιες</em></strong></span> <span class='ocrx_word' id='word_1_71' title='bbox 385 1071 428 1152; x_wconf 67' lang='lat' dir='ltr'><strong>oie</strong></span> <span class='ocrx_word' id='word_1_72' title='bbox 447 1075 505 1140; x_wconf 89' lang='grc' dir='ltr'><strong><em>ούκ</em></strong></span> <span class='ocrx_word' id='word_1_73' title='bbox 524 1077 666 1163; x_wconf 74' lang='grc' dir='ltr'><strong><em>ἀσφαλὲς</em></strong></span> <span class='ocrx_word' id='word_1_74' title='bbox 686 1077 796 1162; x_wconf 84' lang='grc' dir='ltr'><strong><em>αύτοῖς</em></strong></span> <span class='ocrx_word' id='word_1_75' title='bbox 817 1079 891 1146; x_wconf 82' lang='grc' dir='ltr'><strong><em>ούδὲ</em></strong></span> <span class='ocrx_word' id='word_1_76' title='bbox 909 1072 1058 1164; x_wconf 73' lang='grc' dir='ltr'><strong><em>εὔβουλον</em></strong></span> <span class='ocrx_word' id='word_1_77' title='bbox 1074 1077 1154 1144; x_wconf 74' lang='lat' dir='ltr'><strong>socci</strong></span> <span class='ocrx_word' id='word_1_78' title='bbox 1179 1075 1260 1145; x_wconf 82' lang='grc' dir='ltr'><strong><em>πολύ</em></strong></span> <span class='ocrx_word' id='word_1_79' title='bbox 1277 1081 1323 1170; x_wconf 76' lang='grc' dir='ltr'><strong><em>τῷ</em></strong></span> 
     </span>
     <span class='ocr_line' id='line_1_10' title="bbox 243 1171 1324 1265; baseline 0.005 -29"><span class='ocrx_word' id='word_1_80' title='bbox 243 1173 359 1257; x_wconf 68' lang='grc' dir='ltr'><strong><em>πλῆθει</em></strong></span> <span class='ocrx_word' id='word_1_81' title='bbox 378 1175 634 1258; x_wconf 73' lang='grc' dir='ltr'><strong><em>ἐλαττουμένοις,</em></strong></span> <span class='ocrx_word' id='word_1_82' title='bbox 654 1171 722 1244; x_wconf 77' lang='grc' dir='ltr'><strong><em>εἶτα</em></strong></span> <span class='ocrx_word' id='word_1_83' title='bbox 743 1179 840 1265; x_wconf 72' lang='grc' dir='ltr'><strong><em>μέχρι</em></strong></span> <span class='ocrx_word' id='word_1_84' title='bbox 860 1175 978 1256; x_wconf 81' lang='grc' dir='ltr'><strong><em>παντὸς</em></strong></span> <span class='ocrx_word' id='word_1_85' title='bbox 997 1176 1155 1265; x_wconf 76' lang='grc' dir='ltr'><strong>συστάδην</strong></span> <span class='ocrx_word' id='word_1_86' title='bbox 1176 1177 1324 1262; x_wconf 80' lang='grc' dir='ltr'><strong><em>διαγωνί-</em></strong></span> 
     </span>
     <span class='ocr_line' id='line_1_11' title="bbox 232 1270 1364 1365; baseline 0.011 -31"><span class='ocrx_word' id='word_1_87' title='bbox 232 1273 366 1358; x_wconf 61' lang='grc' dir='ltr'><strong><em>ζεσθαι.</em></strong></span> <span class='ocrx_word' id='word_1_88' title='bbox 408 1274 454 1348; x_wconf 79' lang='grc' dir='ltr'><strong><em>εἷς</em></strong></span> <span class='ocrx_word' id='word_1_89' title='bbox 473 1277 567 1340; x_wconf 77' lang='grc' dir='ltr'><strong><em>τοῦτο</em></strong></span> <span class='ocrx_word' id='word_1_90' title='bbox 588 1278 624 1343; x_wconf 77' lang='grc' dir='ltr'><strong>δὲ</strong></span> <span class='ocrx_word' id='word_1_91' title='bbox 644 1270 730 1358; x_wconf 86' lang='grc' dir='ltr'><strong><em>ύμιος</em></strong></span> <span class='ocrx_word' id='word_1_92' title='bbox 751 1274 780 1342; x_wconf 81' lang='lat' dir='ltr'><strong>oi</strong></span> <span class='ocrx_word' id='word_1_93' title='bbox 798 1272 954 1364; x_wconf 79' lang='grc' dir='ltr'><strong><em>βάρβαροι</em></strong></span> <span class='ocrx_word' id='word_1_94' title='bbox 973 1270 1095 1365; x_wconf 89' lang='grc' dir='ltr'><strong><em>ῆλασαν</em></strong></span> <span class='ocrx_word' id='word_1_95' title='bbox 1115 1271 1249 1362; x_wconf 75' lang='grc' dir='ltr'><strong><em>ύαορύας</em></strong></span> <span class='ocrx_word' id='word_1_96' title='bbox 1268 1274 1364 1346; x_wconf 82' lang='grc' dir='ltr'><strong><em>ε’πιίο</em></strong></span> 
     </span>
     <span class='ocr_line' id='line_1_12' title="bbox 241 1372 1321 1465; baseline 0.001 -27"><span class='ocrx_word' id='word_1_97' title='bbox 241 1397 274 1438; x_wconf 85' lang='grc' dir='ltr'><strong>τε</strong></span> <span class='ocrx_word' id='word_1_98' title='bbox 294 1373 336 1460; x_wconf 83' lang='grc' dir='ltr'><strong>τῆ</strong></span> <span class='ocrx_word' id='word_1_99' title='bbox 355 1375 390 1438; x_wconf 81' lang='grc' dir='ltr'><strong>ἐκ</strong></span> <span class='ocrx_word' id='word_1_100' title='bbox 416 1375 481 1439; x_wconf 77' lang='grc' dir='ltr'><strong>τῶν</strong></span> <span class='ocrx_word' id='word_1_101' title='bbox 500 1373 659 1460; x_wconf 72' lang='grc' dir='ltr'><strong>ναυαγίων</strong></span> <span class='ocrx_word' id='word_1_102' title='bbox 688 1379 782 1465; x_wconf 74' lang='grc' dir='ltr'><strong><em>φορᾷ,</em></strong></span> <span class='ocrx_word' id='word_1_103' title='bbox 809 1376 866 1449; x_wconf 69' lang='grc' dir='ltr'><strong>καὶ</strong></span> <span class='ocrx_word' id='word_1_104' title='bbox 892 1372 944 1446; x_wconf 82' lang='grc' dir='ltr'><strong>δτι</strong></span> <span class='ocrx_word' id='word_1_105' title='bbox 971 1373 1089 1463; x_wconf 76' lang='grc' dir='ltr'><strong><em>α’θρύον</em></strong></span> <span class='ocrx_word' id='word_1_106' title='bbox 1116 1375 1146 1442; x_wconf 82' lang='grc' dir='ltr'><strong><em>οἱ</em></strong></span> <span class='ocrx_word' id='word_1_107' title='bbox 1161 1377 1321 1459; x_wconf 79' lang='grc' dir='ltr'><strong><em>Ῥωμαῖοι</em></strong></span> 
     </span>
     <span class='ocr_line' id='line_1_13' title="bbox 241 1469 1322 1561; baseline 0.005 -26"><span class='ocrx_word' id='word_1_108' title='bbox 241 1475 313 1536; x_wconf 81' lang='grc' dir='ltr'><strong><em>κατ’</em></strong></span> <span class='ocrx_word' id='word_1_109' title='bbox 331 1470 438 1539; x_wconf 71' lang='lat' dir='ltr'><strong>adesir</strong></span> <span class='ocrx_word' id='word_1_110' title='bbox 466 1473 644 1560; x_wconf 72' lang='grc' dir='ltr'><strong><em>προσβολήν</em></strong></span> <span class='ocrx_word' id='word_1_111' title='bbox 669 1472 875 1561; x_wconf 72' lang='grc' dir='ltr'><strong><em>ἐποιήσαντο,</em></strong></span> <span class='ocrx_word' id='word_1_112' title='bbox 893 1475 937 1553; x_wconf 71' lang='grc' dir='ltr'><strong>αἶς</strong></span> <span class='ocrx_word' id='word_1_113' title='bbox 961 1481 1106 1561; x_wconf 75' lang='grc' dir='ltr'><strong>μεθεῖναι</strong></span> <span class='ocrx_word' id='word_1_114' title='bbox 1135 1469 1322 1560; x_wconf 74' lang='grc' dir='ltr'><strong><em>αύθημερόν</em></strong></span> 
     </span>
     <span class='ocr_line' id='line_1_14' title="bbox 239 1569 1322 1662; baseline 0.002 -26"><span class='ocrx_word' id='word_1_115' title='bbox 239 1569 278 1636; x_wconf 79' lang='grc' dir='ltr'><strong><em>εδ</em></strong></span> <span class='ocrx_word' id='word_1_116' title='bbox 299 1569 388 1658; x_wconf 80' lang='grc' dir='ltr'><strong><em>α’μφδ</em></strong></span> <span class='ocrx_word' id='word_1_117' title='bbox 404 1569 462 1657; x_wconf 89' lang='grc' dir='ltr'><strong><em>τῆν</em></strong></span> <span class='ocrx_word' id='word_1_118' title='bbox 483 1572 686 1661; x_wconf 73' lang='grc' dir='ltr'><strong><em>Χεύρὀνησον</em></strong></span> <span class='ocrx_word' id='word_1_119' title='bbox 705 1573 819 1657; x_wconf 71' lang='grc' dir='ltr'><strong><em>πεδία,</em></strong></span> <span class='ocrx_word' id='word_1_120' title='bbox 850 1574 998 1662; x_wconf 72' lang='grc' dir='ltr'><strong><em>καὶπρὸς</em></strong></span> <span class='ocrx_word' id='word_1_121' title='bbox 1017 1575 1073 1644; x_wconf 80' lang='grc' dir='ltr'><strong>τὸν</strong></span> <span class='ocrx_word' id='word_1_122' title='bbox 1101 1571 1268 1662; x_wconf 84' lang='grc' dir='ltr'><strong><em>Ζαβεργύν</em></strong></span> <span class='ocrx_word' id='word_1_123' title='bbox 1285 1597 1322 1638; x_wconf 83' lang='grc' dir='ltr'><strong>τε</strong></span> 
     </span>
     <span class='ocr_line' id='line_1_15' title="bbox 238 1666 1322 1764; baseline 0.001 -28"><span class='ocrx_word' id='word_1_124' title='bbox 238 1673 295 1736; x_wconf 75' lang='grc' dir='ltr'><strong>καὶ</strong></span> <span class='ocrx_word' id='word_1_125' title='bbox 312 1667 368 1736; x_wconf 77' lang='grc' dir='ltr'><strong>σύν</strong></span> <span class='ocrx_word' id='word_1_126' title='bbox 387 1666 470 1760; x_wconf 79' lang='grc' dir='ltr'><strong><em>ἄμφ’</em></strong></span> <span class='ocrx_word' id='word_1_127' title='bbox 489 1673 589 1742; x_wconf 88' lang='grc' dir='ltr'><strong><em>αύτδν</em></strong></span> <span class='ocrx_word' id='word_1_128' title='bbox 610 1669 720 1752; x_wconf 80' lang='grc' dir='ltr'><strong><em>ὅμιλον</em></strong></span> <span class='ocrx_word' id='word_1_129' title='bbox 743 1675 927 1764; x_wconf 69' lang='grc' dir='ltr'><strong><em>ἀφικέσθαι,</em></strong></span> <span class='ocrx_word' id='word_1_130' title='bbox 947 1675 1111 1762; x_wconf 76' lang='grc' dir='ltr'><strong><em>ἡττημένοι</em></strong></span> <span class='ocrx_word' id='word_1_131' title='bbox 1127 1672 1206 1760; x_wconf 83' lang='grc' dir='ltr'><strong><em>πρὸς</em></strong></span> <span class='ocrx_word' id='word_1_132' title='bbox 1226 1673 1322 1760; x_wconf 82' lang='grc' dir='ltr'><strong><em>ῆττη-</em></strong></span> 
     </span>
     <span class='ocr_line' id='line_1_16' title="bbox 238 1769 1363 1862; baseline 0 -26"><span class='ocrx_word' id='word_1_133' title='bbox 238 1773 363 1853; x_wconf 83' lang='grc' dir='ltr'><strong><em>μένους.</em></strong></span> <span class='ocrx_word' id='word_1_134' title='bbox 385 1769 416 1836; x_wconf 82' lang='grc' dir='ltr'><strong><em>οἱ</em></strong></span> <span class='ocrx_word' id='word_1_135' title='bbox 428 1774 464 1838; x_wconf 80' lang='grc' dir='ltr'><strong>δὲ</strong></span> <span class='ocrx_word' id='word_1_136' title='bbox 483 1772 542 1840; x_wconf 72' lang='lat' dir='ltr'><strong>dud</strong></span> <span class='ocrx_word' id='word_1_137' title='bbox 563 1771 619 1859; x_wconf 85' lang='grc' dir='ltr'><strong><em>τῆν</em></strong></span> <span class='ocrx_word' id='word_1_138' title='bbox 634 1773 768 1840; x_wconf 78' lang='grc' dir='ltr'><strong><em>Ἑλλάδα</em></strong></span> <span class='ocrx_word' id='word_1_139' title='bbox 789 1772 941 1862; x_wconf 84' lang='grc' dir='ltr'><strong><em>πρότερον</em></strong></span> <span class='ocrx_word' id='word_1_140' title='bbox 960 1776 1156 1858; x_wconf 77' lang='grc' dir='ltr'><strong><em>ἐσταλμένοι,</em></strong></span> <span class='ocrx_word' id='word_1_141' title='bbox 1178 1773 1268 1840; x_wconf 80' lang='grc' dir='ltr'><strong><em>ούδέν</em></strong></span> <span class='ocrx_word' id='word_1_142' title='bbox 1287 1773 1363 1836; x_wconf 83' lang='grc' dir='ltr'><strong><em>τιι5</em></strong></span> 
     </span>
     <span class='ocr_line' id='line_1_17' title="bbox 240 1864 1321 1964; baseline 0.003 -33"><span class='ocrx_word' id='word_1_143' title='bbox 240 1864 454 1957; x_wconf 76' lang='grc' dir='ltr'><strong><em>ἀξιαφήγητον</em></strong></span> <span class='ocrx_word' id='word_1_144' title='bbox 465 1868 618 1958; x_wconf 78' lang='grc' dir='ltr'><strong><em>ἔδρασαν,</em></strong></span> <span class='ocrx_word' id='word_1_145' title='bbox 636 1872 716 1956; x_wconf 83' lang='grc' dir='ltr'><strong><em>μῆτε</em></strong></span> <span class='ocrx_word' id='word_1_146' title='bbox 728 1877 771 1962; x_wconf 78' lang='grc' dir='ltr'><strong><em>τῷ</em></strong></span> <span class='ocrx_word' id='word_1_147' title='bbox 787 1867 911 1964; x_wconf 73' lang='grc' dir='ltr'><strong><em>Ἰσθμῷ</em></strong></span> <span class='ocrx_word' id='word_1_148' title='bbox 923 1869 1167 1959; x_wconf 81' lang='grc' dir='ltr'><strong><em>προσβαλόντες,</em></strong></span> <span class='ocrx_word' id='word_1_149' title='bbox 1185 1873 1266 1958; x_wconf 80' lang='grc' dir='ltr'><strong><em>μηδέ</em></strong></span> <span class='ocrx_word' id='word_1_150' title='bbox 1285 1895 1321 1956; x_wconf 91' lang='grc' dir='ltr'><strong><em>γε</em></strong></span> 
     </span>
     <span class='ocr_line' id='line_1_18' title="bbox 237 1966 1321 2060; baseline 0 -27"><span class='ocrx_word' id='word_1_151' title='bbox 237 1966 293 2052; x_wconf 85' lang='grc' dir='ltr'><strong><em>τῆν</em></strong></span> <span class='ocrx_word' id='word_1_152' title='bbox 312 1967 417 2056; x_wconf 80' lang='grc' dir='ltr'><strong><em>ἅρχῆν</em></strong></span> <span class='ocrx_word' id='word_1_153' title='bbox 430 1969 487 2047; x_wconf 77' lang='grc' dir='ltr'><strong><em>τὰς</em></strong></span> <span class='ocrx_word' id='word_1_154' title='bbox 501 1971 708 2059; x_wconf 79' lang='grc' dir='ltr'><strong><em>Θερμοπύλας</em></strong></span> <span class='ocrx_word' id='word_1_155' title='bbox 724 1972 1012 2060; x_wconf 80' lang='grc' dir='ltr'><strong><em>παραμειψάμενοι</em></strong></span> <span class='ocrx_word' id='word_1_156' title='bbox 1024 1971 1076 2040; x_wconf 80' lang='grc' dir='ltr'><strong>διὰ</strong></span> <span class='ocrx_word' id='word_1_157' title='bbox 1102 1969 1160 2057; x_wconf 87' lang='grc' dir='ltr'><strong><em>τῆν</em></strong></span> <span class='ocrx_word' id='word_1_158' title='bbox 1175 1967 1321 2058; x_wconf 76' lang='grc' dir='ltr'><strong><em>φρουρὰν</em></strong></span> 
     </span>
     <span class='ocr_line' id='line_1_19' title="bbox 196 2067 1321 2156; baseline -0.001 -22"><span class='ocrx_word' id='word_1_159' title='bbox 196 2071 296 2136; x_wconf 78' lang='grc' dir='ltr'><strong><em>Ιλτιύν</em></strong></span> <span class='ocrx_word' id='word_1_160' title='bbox 316 2071 415 2134; x_wconf 83' lang='grc' dir='ltr'><strong><em>ἐκεῖσε</em></strong></span> <span class='ocrx_word' id='word_1_161' title='bbox 435 2067 587 2155; x_wconf 73' lang='grc' dir='ltr'><strong><em>λδρύσθαι</em></strong></span> <span class='ocrx_word' id='word_1_162' title='bbox 600 2073 794 2156; x_wconf 70' lang='grc' dir='ltr'><strong><em>τεταγμένων</em></strong></span> <span class='ocrx_word' id='word_1_163' title='bbox 810 2071 990 2154; x_wconf 70' lang='grc' dir='ltr'><strong><em>Ῥωμαίων.</em></strong></span> <span class='ocrx_word' id='word_1_164' title='bbox 1021 2069 1176 2156; x_wconf 82' lang='grc' dir='ltr'><strong><em>τοιγάρτοι</em></strong></span> <span class='ocrx_word' id='word_1_165' title='bbox 1193 2067 1321 2152; x_wconf 58' lang='lat' dir='ltr'><strong>‹inagn-</strong></span> 
     </span>
     <span class='ocr_line' id='line_1_20' title="bbox 233 2165 1320 2260; baseline -0.003 -27"><span class='ocrx_word' id='word_1_166' title='bbox 233 2166 385 2256; x_wconf 87' lang='grc' dir='ltr'><strong><em>ρῆσαντες</em></strong></span> <span class='ocrx_word' id='word_1_167' title='bbox 405 2165 461 2232; x_wconf 81' lang='grc' dir='ltr'><em>καί</em></span> <span class='ocrx_word' id='word_1_168' title='bbox 480 2169 564 2250; x_wconf 81' lang='lat' dir='ltr'><strong>uide,</strong></span> <span class='ocrx_word' id='word_1_169' title='bbox 583 2169 639 2254; x_wconf 84' lang='grc' dir='ltr'><strong>τῆς</strong></span> <span class='ocrx_word' id='word_1_170' title='bbox 659 2168 714 2236; x_wconf 77' lang='grc' dir='ltr'><strong>ἐπὶ</strong></span> <span class='ocrx_word' id='word_1_171' title='bbox 730 2167 786 2255; x_wconf 86' lang='grc' dir='ltr'><strong><em>τῆν</em></strong></span> <span class='ocrx_word' id='word_1_172' title='bbox 801 2169 927 2260; x_wconf 76' lang='grc' dir='ltr'><strong><em>Θρηίκην</em></strong></span> <span class='ocrx_word' id='word_1_173' title='bbox 939 2167 1056 2254; x_wconf 81' lang='grc' dir='ltr'><strong><em>εἴχοντο</em></strong></span> <span class='ocrx_word' id='word_1_174' title='bbox 1070 2171 1216 2253; x_wconf 83' lang='grc' dir='ltr'><strong><em>πορείας,</em></strong></span> <span class='ocrx_word' id='word_1_175' title='bbox 1230 2165 1273 2244; x_wconf 78' lang='grc' dir='ltr'><strong>ὥς</strong></span> <span class='ocrx_word' id='word_1_176' title='bbox 1285 2170 1320 2230; x_wconf 78' lang='grc' dir='ltr'><strong><em>ἐν</em></strong></span> 
     </span>
     <span class='ocr_line' id='line_1_21' title="bbox 233 2256 1361 2356; baseline 0.001 -27"><span class='ocrx_word' id='word_1_177' title='bbox 233 2263 316 2353; x_wconf 84' lang='grc' dir='ltr'><strong><em>αύτῆ</em></strong></span> <span class='ocrx_word' id='word_1_178' title='bbox 335 2265 412 2332; x_wconf 76' lang='grc' dir='ltr'><strong><em>κατὰ</em></strong></span> <span class='ocrx_word' id='word_1_179' title='bbox 432 2263 635 2346; x_wconf 80' lang='grc' dir='ltr'><strong><em>τδεῖκὸςτοῖς</em></strong></span> <span class='ocrx_word' id='word_1_180' title='bbox 651 2264 824 2356; x_wconf 77' lang='grc' dir='ltr'><strong><em>ὁμοφύλοις</em></strong></span> <span class='ocrx_word' id='word_1_181' title='bbox 837 2269 1131 2356; x_wconf 79' lang='grc' dir='ltr'><strong><em>ιιροστεθησύμενοι,</em></strong></span> <span class='ocrx_word' id='word_1_182' title='bbox 1159 2269 1215 2332; x_wconf 81' lang='grc' dir='ltr'><strong><em>καί</em></strong></span> <span class='ocrx_word' id='word_1_183' title='bbox 1232 2256 1361 2354; x_wconf 73' lang='grc' dir='ltr'><strong><em>καινῇοο</em></strong></span> 
     </span>
    </p>
   </div>
   <div class='ocr_carea' id='block_1_3' title="bbox 232 2362 1320 2553">
    <p class='ocr_par' dir='ltr' id='par_1_3' title="bbox 232 2362 1320 2553">
     <span class='ocr_line' id='line_1_22' title="bbox 233 2362 1320 2455; baseline -0.003 -25"><span class='ocrx_word' id='word_1_184' title='bbox 233 2363 376 2432; x_wconf 83' lang='grc' dir='ltr'><strong><em>τολοιιιύν</em></strong></span> <span class='ocrx_word' id='word_1_185' title='bbox 395 2369 428 2443; x_wconf 78' lang='grc' dir='ltr'><strong>ἐς</strong></span> <span class='ocrx_word' id='word_1_186' title='bbox 449 2365 488 2430; x_wconf 85' lang='grc' dir='ltr'><strong>τοὶ</strong></span> <span class='ocrx_word' id='word_1_187' title='bbox 510 2371 650 2455; x_wconf 81' lang='grc' dir='ltr'><strong><em>σφέτερα</em></strong></span> <span class='ocrx_word' id='word_1_188' title='bbox 672 2367 884 2452; x_wconf 74' lang='grc' dir='ltr'><strong><em>ἐπανῆξοντες.</em></strong></span> <span class='ocrx_word' id='word_1_189' title='bbox 916 2368 946 2432; x_wconf 83' lang='lat' dir='ltr'><strong>oi</strong></span> <span class='ocrx_word' id='word_1_190' title='bbox 967 2369 1002 2434; x_wconf 83' lang='grc' dir='ltr'><strong>δὲ</strong></span> <span class='ocrx_word' id='word_1_191' title='bbox 1023 2368 1109 2454; x_wconf 74' lang='grc' dir='ltr'><strong><em>ἀμφὶ</em></strong></span> <span class='ocrx_word' id='word_1_192' title='bbox 1127 2362 1182 2432; x_wconf 85' lang='grc' dir='ltr'><strong><em>τόν</em></strong></span> <span class='ocrx_word' id='word_1_193' title='bbox 1195 2369 1320 2452; x_wconf 83' lang='grc' dir='ltr'><strong><em>Ζαβερ-</em></strong></span> 
     </span>
     <span class='ocr_line' id='line_1_23' title="bbox 232 2459 1319 2553; baseline -0.003 -23"><span class='ocrx_word' id='word_1_194' title='bbox 232 2464 292 2547; x_wconf 83' lang='grc' dir='ltr'><strong><em>γύν</em></strong></span> <span class='ocrx_word' id='word_1_195' title='bbox 321 2465 360 2529; x_wconf 87' lang='grc' dir='ltr'><strong><em>ού</em></strong></span> <span class='ocrx_word' id='word_1_196' title='bbox 381 2463 535 2552; x_wconf 76' lang='grc' dir='ltr'><strong><em>πρότερον</em></strong></span> <span class='ocrx_word' id='word_1_197' title='bbox 564 2462 802 2553; x_wconf 75' lang='grc' dir='ltr'><strong><em>ἀποστήσεσθαι</em></strong></span> <span class='ocrx_word' id='word_1_198' title='bbox 834 2463 978 2553; x_wconf 80' lang='grc' dir='ltr'><strong><em>ἔφασαν,</em></strong></span> <span class='ocrx_word' id='word_1_199' title='bbox 1013 2465 1087 2553; x_wconf 74' lang='grc' dir='ltr'><strong><em>πρὶν</em></strong></span> <span class='ocrx_word' id='word_1_200' title='bbox 1107 2459 1146 2532; x_wconf 76' lang='lat' dir='ltr'><strong>du</strong></span> <span class='ocrx_word' id='word_1_201' title='bbox 1165 2465 1319 2551; x_wconf 83' lang='grc' dir='ltr'><strong><em>χρῆματα</em></strong></span> 
     </span>
    </p>
   </div>
   <div class='ocr_carea' id='block_1_4' title="bbox 298 2641 1314 2786">
    <p class='ocr_par' dir='ltr' id='par_1_4' title="bbox 298 2641 1314 2786">
     <span class='ocr_line' id='line_1_24' title="bbox 299 2641 1314 2716; baseline -0.003 -20"><span class='ocrx_word' id='word_1_202' title='bbox 299 2645 328 2699; x_wconf 83' lang='grc'><strong>6.</strong></span> <span class='ocrx_word' id='word_1_203' title='bbox 345 2641 572 2716; x_wconf 66' lang='grc' dir='ltr'><strong><em>διαχειρίζεσθαι</em></strong></span> <span class='ocrx_word' id='word_1_204' title='bbox 588 2646 617 2696; x_wconf 75' lang='grc' dir='ltr'><strong>Β.</strong></span> <span class='ocrx_word' id='word_1_205' title='bbox 658 2662 695 2700; x_wconf 92' lang='grc' dir='ltr'><strong>ιι.</strong></span> <span class='ocrx_word' id='word_1_206' title='bbox 714 2642 828 2716; x_wconf 63' lang='lat' dir='ltr'><strong>diodus</strong></span> <span class='ocrx_word' id='word_1_207' title='bbox 844 2648 914 2716; x_wconf 78' lang='lat' dir='ltr'><strong>vulg</strong></span> <span class='ocrx_word' id='word_1_208' title='bbox 977 2663 1019 2701; x_wconf 79' lang='lat' dir='ltr'><strong>aa.</strong></span> <span class='ocrx_word' id='word_1_209' title='bbox 1036 2645 1149 2716; x_wconf 79' lang='grc' dir='ltr'><strong><em>ἔφασαν</em></strong></span> <span class='ocrx_word' id='word_1_210' title='bbox 1166 2643 1206 2708; x_wconf 66' lang='lat' dir='ltr'><strong>ii„</strong></span> <span class='ocrx_word' id='word_1_211' title='bbox 1224 2641 1314 2714; x_wconf 69' lang='lat' dir='ltr'><strong>deppa-</strong></span> 
     </span>
     <span class='ocr_line' id='line_1_25' title="bbox 298 2711 813 2786; baseline 0.012 -22"><span class='ocrx_word' id='word_1_212' title='bbox 298 2725 355 2768; x_wconf 86' lang='grc' dir='ltr'><strong>σαν</strong></span> <span class='ocrx_word' id='word_1_213' title='bbox 369 2715 439 2784; x_wconf 83' lang='lat' dir='ltr'><strong>vulg.</strong></span> <span class='ocrx_word' id='word_1_214' title='bbox 525 2712 656 2786; x_wconf 78' lang='grc' dir='ltr'><strong><em>χρῆμαισ</em></strong></span> <span class='ocrx_word' id='word_1_215' title='bbox 672 2711 763 2768; x_wconf 68' lang='grc' dir='ltr'><strong><em>πολλαὶ</em></strong></span> <span class='ocrx_word' id='word_1_216' title='bbox 783 2719 813 2770; x_wconf 80' lang='lat' dir='ltr'><strong>lt.</strong></span> 
     </span>
    </p>
   </div>
   <div class='ocr_carea' id='block_1_5' title="bbox 223 2881 1319 4230">
    <p class='ocr_par' dir='ltr' id='par_1_5' title="bbox 229 2881 1319 3288">
     <span class='ocr_line' id='line_1_26' title="bbox 230 2881 1319 2956; baseline 0 -22"><span class='ocrx_word' id='word_1_217' title='bbox 230 2887 260 2934; x_wconf 86' lang='lat' dir='ltr'><strong>et</strong></span> <span class='ocrx_word' id='word_1_218' title='bbox 272 2881 369 2951; x_wconf 83' lang='lat' dir='ltr'><strong>sagitta</strong></span> <span class='ocrx_word' id='word_1_219' title='bbox 385 2882 473 2936; x_wconf 81' lang='lat' dir='ltr'><strong>femur</strong></span> <span class='ocrx_word' id='word_1_220' title='bbox 485 2885 555 2936; x_wconf 85' lang='lat' dir='ltr'><strong>ictus</strong></span> <span class='ocrx_word' id='word_1_221' title='bbox 575 2891 632 2947; x_wconf 87' lang='lat' dir='ltr'><strong>est,</strong></span> <span class='ocrx_word' id='word_1_222' title='bbox 649 2883 688 2938; x_wconf 77' lang='lat' dir='ltr'><strong>ita</strong></span> <span class='ocrx_word' id='word_1_223' title='bbox 702 2890 735 2935; x_wconf 87' lang='lat' dir='ltr'><strong>ut</strong></span> <span class='ocrx_word' id='word_1_224' title='bbox 749 2899 845 2955; x_wconf 88' lang='lat' dir='ltr'><strong>parum</strong></span> <span class='ocrx_word' id='word_1_225' title='bbox 863 2883 992 2948; x_wconf 83' lang='lat' dir='ltr'><strong>abfuerit,</strong></span> <span class='ocrx_word' id='word_1_226' title='bbox 1009 2883 1077 2956; x_wconf 78' lang='lat' dir='ltr'><strong>quin</strong></span> <span class='ocrx_word' id='word_1_227' title='bbox 1091 2884 1117 2936; x_wconf 92' lang='lat' dir='ltr'><strong>ei</strong></span> <span class='ocrx_word' id='word_1_228' title='bbox 1132 2898 1221 2953; x_wconf 81' lang='lat' dir='ltr'><strong>pugne</strong></span> <span class='ocrx_word' id='word_1_229' title='bbox 1237 2899 1319 2934; x_wconf 81' lang='lat' dir='ltr'><strong>exce-</strong></span> 
     </span>
     <span class='ocr_line' id='line_1_27' title="bbox 230 2950 1318 3030; baseline 0.002 -26"><span class='ocrx_word' id='word_1_230' title='bbox 230 2950 351 3030; x_wconf 71' lang='lat' dir='ltr'><strong>dendum</strong></span> <span class='ocrx_word' id='word_1_231' title='bbox 363 2962 448 3006; x_wconf 84' lang='lat' dir='ltr'><strong>esset:</strong></span> <span class='ocrx_word' id='word_1_232' title='bbox 466 2956 617 3024; x_wconf 87' lang='lat' dir='ltr'><strong>praesentis</strong></span> <span class='ocrx_word' id='word_1_233' title='bbox 635 2963 726 3006; x_wconf 69' lang='lat' dir='ltr'><strong>umen</strong></span> <span class='ocrx_word' id='word_1_234' title='bbox 742 2963 828 3008; x_wconf 82' lang='lat' dir='ltr'><strong>status</strong></span> <span class='ocrx_word' id='word_1_235' title='bbox 844 2957 989 3008; x_wconf 83' lang='lat' dir='ltr'><strong>necessitas</strong></span> <span class='ocrx_word' id='word_1_236' title='bbox 1004 2962 1032 3007; x_wconf 89' lang='lat' dir='ltr'><strong>et</strong></span> <span class='ocrx_word' id='word_1_237' title='bbox 1047 2954 1096 3017; x_wconf 88' lang='lat' dir='ltr'><strong>rei,</strong></span> <span class='ocrx_word' id='word_1_238' title='bbox 1114 2970 1195 3023; x_wconf 84' lang='lat' dir='ltr'><strong>quam</strong></span> <span class='ocrx_word' id='word_1_239' title='bbox 1210 2969 1318 3023; x_wconf 82' lang='lat' dir='ltr'><strong>aggres-</strong></span> 
     </span>
     <span class='ocr_line' id='line_1_28' title="bbox 230 3023 1316 3096; baseline 0 -22"><span class='ocrx_word' id='word_1_240' title='bbox 230 3031 364 3088; x_wconf 83' lang='lat' dir='ltr'><strong>suaerat,</strong></span> <span class='ocrx_word' id='word_1_241' title='bbox 383 3025 542 3094; x_wconf 80' lang='lat' dir='ltr'><strong>magnitudo</strong></span> <span class='ocrx_word' id='word_1_242' title='bbox 567 3025 689 3078; x_wconf 89' lang='lat' dir='ltr'><strong>dolorem</strong></span> <span class='ocrx_word' id='word_1_243' title='bbox 701 3025 786 3078; x_wconf 81' lang='lat' dir='ltr'><strong>vicit:</strong></span> <span class='ocrx_word' id='word_1_244' title='bbox 804 3043 894 3096; x_wconf 89' lang='lat' dir='ltr'><strong>neque</strong></span> <span class='ocrx_word' id='word_1_245' title='bbox 916 3025 991 3095; x_wconf 89' lang='lat' dir='ltr'><strong>prius</strong></span> <span class='ocrx_word' id='word_1_246' title='bbox 1014 3023 1122 3080; x_wconf 89' lang='lat' dir='ltr'><strong>destitit</strong></span> <span class='ocrx_word' id='word_1_247' title='bbox 1146 3033 1175 3076; x_wconf 89' lang='lat' dir='ltr'><strong>ct</strong></span> <span class='ocrx_word' id='word_1_248' title='bbox 1192 3025 1250 3092; x_wconf 86' lang='lat' dir='ltr'><strong>ipse</strong></span> <span class='ocrx_word' id='word_1_249' title='bbox 1263 3040 1316 3092; x_wconf 89' lang='lat' dir='ltr'><strong>pu-</strong></span> 
     </span>
     <span class='ocr_line' id='line_1_29' title="bbox 229 3091 1316 3166; baseline -0.002 -20"><span class='ocrx_word' id='word_1_250' title='bbox 229 3111 311 3165; x_wconf 86' lang='lat' dir='ltr'><strong>gnare</strong></span> <span class='ocrx_word' id='word_1_251' title='bbox 330 3102 358 3146; x_wconf 90' lang='lat' dir='ltr'><strong>et</strong></span> <span class='ocrx_word' id='word_1_252' title='bbox 376 3095 438 3146; x_wconf 88' lang='lat' dir='ltr'><strong>aliis</strong></span> <span class='ocrx_word' id='word_1_253' title='bbox 454 3097 558 3146; x_wconf 85' lang='lat' dir='ltr'><strong>animos</strong></span> <span class='ocrx_word' id='word_1_254' title='bbox 581 3097 695 3160; x_wconf 78' lang='lat' dir='ltr'><strong>addere,</strong></span> <span class='ocrx_word' id='word_1_255' title='bbox 714 3113 794 3166; x_wconf 83' lang='lat' dir='ltr'><strong>quam</strong></span> <span class='ocrx_word' id='word_1_256' title='bbox 815 3096 919 3166; x_wconf 80' lang='lat' dir='ltr'><strong>ingenti</strong></span> <span class='ocrx_word' id='word_1_257' title='bbox 937 3093 1036 3146; x_wconf 87' lang='lat' dir='ltr'><strong>damno</strong></span> <span class='ocrx_word' id='word_1_258' title='bbox 1055 3091 1146 3145; x_wconf 86' lang='lat' dir='ltr'><strong>hostes</strong></span> <span class='ocrx_word' id='word_1_259' title='bbox 1171 3095 1316 3156; x_wconf 80' lang='lat' dir='ltr'><strong>affecisset,</strong></span> 
     </span>
     <span class='ocr_line' id='line_1_30' title="bbox 229 3165 1318 3288; baseline 0 -72"><span class='ocrx_word' id='word_1_260' title='bbox 229 3166 400 3288; x_wconf 75' lang='lat' dir='ltr'><strong>plurimique</strong></span> <span class='ocrx_word' id='word_1_261' title='bbox 423 3182 456 3217; x_wconf 86' lang='lat' dir='ltr'><strong>ex</strong></span> <span class='ocrx_word' id='word_1_262' title='bbox 477 3165 511 3224; x_wconf 84' lang='lat' dir='ltr'><strong>iis</strong></span> <span class='ocrx_word' id='word_1_263' title='bbox 538 3175 628 3218; x_wconf 85' lang='lat' dir='ltr'><strong>esseut</strong></span> <span class='ocrx_word' id='word_1_264' title='bbox 649 3166 729 3219; x_wconf 85' lang='lat' dir='ltr'><strong>caesi.</strong></span> <span class='ocrx_word' id='word_1_265' title='bbox 775 3167 846 3218; x_wconf 90' lang='lat' dir='ltr'><strong>Tum</strong></span> <span class='ocrx_word' id='word_1_266' title='bbox 869 3167 962 3238; x_wconf 86' lang='lat' dir='ltr'><strong>itaque</strong></span> <span class='ocrx_word' id='word_1_267' title='bbox 984 3165 1073 3218; x_wconf 86' lang='lat' dir='ltr'><strong>soluta</strong></span> <span class='ocrx_word' id='word_1_268' title='bbox 1096 3173 1137 3216; x_wconf 87' lang='lat' dir='ltr'><strong>est</strong></span> <span class='ocrx_word' id='word_1_269' title='bbox 1162 3181 1269 3234; x_wconf 85' lang='lat' dir='ltr'><strong>pugna,</strong></span> <span class='ocrx_word' id='word_1_270' title='bbox 1289 3173 1318 3216; x_wconf 87' lang='lat' dir='ltr'><strong>et</strong></span> 
     </span>
    </p>

    <p class='ocr_par' dir='ltr' id='par_1_6' title="bbox 223 3235 1318 4230">
     <span class='ocr_line' id='line_1_31' title="bbox 254 3235 1318 3306; baseline -0.001 -19"><span class='ocrx_word' id='word_1_271' title='bbox 254 3237 389 3287; x_wconf 80' lang='lat' dir='ltr'><strong>arnanise</strong></span> <span class='ocrx_word' id='word_1_272' title='bbox 407 3235 437 3286; x_wconf 91' lang='lat' dir='ltr'><strong>in</strong></span> <span class='ocrx_word' id='word_1_273' title='bbox 455 3253 516 3286; x_wconf 89' lang='lat' dir='ltr'><strong>suas</strong></span> <span class='ocrx_word' id='word_1_274' title='bbox 534 3237 699 3289; x_wconf 87' lang='lat' dir='ltr'><strong>munitiones</strong></span> <span class='ocrx_word' id='word_1_275' title='bbox 718 3243 893 3306; x_wconf 84' lang='lat' dir='ltr'><strong>receperunt,</strong></span> <span class='ocrx_word' id='word_1_276' title='bbox 915 3251 1005 3304; x_wconf 89' lang='lat' dir='ltr'><strong>neque</strong></span> <span class='ocrx_word' id='word_1_277' title='bbox 1023 3242 1112 3287; x_wconf 90' lang='lat' dir='ltr'><strong>tutum</strong></span> <span class='ocrx_word' id='word_1_278' title='bbox 1136 3251 1226 3304; x_wconf 85' lang='lat' dir='ltr'><strong>neque</strong></span> <span class='ocrx_word' id='word_1_279' title='bbox 1250 3251 1318 3286; x_wconf 87' lang='lat' dir='ltr'><strong>con·</strong></span> 
     </span>
     <span class='ocr_line' id='line_1_32' title="bbox 230 3305 1316 3379; baseline -0.004 -20"><span class='ocrx_word' id='word_1_280' title='bbox 230 3307 333 3359; x_wconf 73' lang='lat' dir='ltr'><strong>cultum</strong></span> <span class='ocrx_word' id='word_1_281' title='bbox 353 3307 422 3369; x_wconf 86' lang='lat' dir='ltr'><strong>rati,</strong></span> <span class='ocrx_word' id='word_1_282' title='bbox 440 3306 473 3368; x_wconf 88' lang='lat' dir='ltr'><strong>ai,</strong></span> <span class='ocrx_word' id='word_1_283' title='bbox 492 3323 553 3358; x_wconf 89' lang='lat' dir='ltr'><strong>cum</strong></span> <span class='ocrx_word' id='word_1_284' title='bbox 568 3306 648 3376; x_wconf 89' lang='lat' dir='ltr'><strong>longe</strong></span> <span class='ocrx_word' id='word_1_285' title='bbox 671 3315 762 3358; x_wconf 85' lang='lat' dir='ltr'><strong>essent</strong></span> <span class='ocrx_word' id='word_1_286' title='bbox 783 3307 869 3379; x_wconf 90' lang='lat' dir='ltr'><strong>copiis</strong></span> <span class='ocrx_word' id='word_1_287' title='bbox 895 3305 1053 3369; x_wconf 78' lang='lat' dir='ltr'><strong>inferiores,</strong></span> <span class='ocrx_word' id='word_1_288' title='bbox 1079 3306 1189 3357; x_wconf 82' lang='lat' dir='ltr'><strong>statoria</strong></span> <span class='ocrx_word' id='word_1_289' title='bbox 1210 3321 1316 3374; x_wconf 78' lang='lat' dir='ltr'>semper</span> 
     </span>
     <span class='ocr_line' id='line_1_33' title="bbox 229 3373 1317 3446; baseline -0.003 -18"><span class='ocrx_word' id='word_1_290' title='bbox 229 3393 321 3446; x_wconf 85' lang='lat' dir='ltr'><strong>pugna</strong></span> <span class='ocrx_word' id='word_1_291' title='bbox 340 3392 401 3428; x_wconf 91' lang='lat' dir='ltr'><strong>cum</strong></span> <span class='ocrx_word' id='word_1_292' title='bbox 421 3373 500 3426; x_wconf 87' lang='lat' dir='ltr'><strong>hoste</strong></span> <span class='ocrx_word' id='word_1_293' title='bbox 521 3376 704 3446; x_wconf 86' lang='lat' dir='ltr'><strong>confligerent.</strong></span> <span class='ocrx_word' id='word_1_294' title='bbox 723 3377 835 3428; x_wconf 85' lang='lat' dir='ltr'><strong>Barbari</strong></span> <span class='ocrx_word' id='word_1_295' title='bbox 852 3374 1033 3434; x_wconf 85' lang='lat' dir='ltr'><strong>nihilominus</strong></span> <span class='ocrx_word' id='word_1_296' title='bbox 1048 3391 1079 3428; x_wconf 88' lang='lat' dir='ltr'><strong>eo</strong></span> <span class='ocrx_word' id='word_1_297' title='bbox 1089 3375 1317 3428; x_wconf 84' lang='lat' dir='ltr'><strong>consternationis</strong></span> 
     </span>
     <span class='ocr_line' id='line_1_34' title="bbox 226 3443 1318 3523; baseline -0.002 -25"><span class='ocrx_word' id='word_1_298' title='bbox 226 3456 292 3500; x_wconf 80' lang='lat' dir='ltr'><strong>sunt</strong></span> <span class='ocrx_word' id='word_1_299' title='bbox 309 3444 421 3510; x_wconf 87' lang='lat' dir='ltr'><strong>redacti¹</strong></span> <span class='ocrx_word' id='word_1_300' title='bbox 438 3446 538 3516; x_wconf 85' lang='lat' dir='ltr'><strong>partim</strong></span> <span class='ocrx_word' id='word_1_301' title='bbox 553 3463 586 3497; x_wconf 81' lang='lat' dir='ltr'><strong>ex</strong></span> <span class='ocrx_word' id='word_1_302' title='bbox 600 3445 739 3517; x_wconf 81' lang='lat' dir='ltr'><strong>naufragis</strong></span> <span class='ocrx_word' id='word_1_303' title='bbox 755 3446 866 3509; x_wconf 86' lang='lat' dir='ltr'><strong>tabulis,</strong></span> <span class='ocrx_word' id='word_1_304' title='bbox 881 3463 951 3523; x_wconf 85' lang='lat' dir='ltr'><strong>quae</strong></span> <span class='ocrx_word' id='word_1_305' title='bbox 970 3463 1018 3514; x_wconf 85' lang='lat' dir='ltr'><strong>per</strong></span> <span class='ocrx_word' id='word_1_306' title='bbox 1032 3463 1105 3498; x_wconf 85' lang='lat' dir='ltr'><strong>marc</strong></span> <span class='ocrx_word' id='word_1_307' title='bbox 1127 3443 1318 3515; x_wconf 69' lang='lat' dir='ltr'><strong>raptabantur,</strong></span> 
     </span>
     <span class='ocr_line' id='line_1_35' title="bbox 225 3517 1316 3601; baseline -0.002 -32"><span class='ocrx_word' id='word_1_308' title='bbox 225 3519 326 3587; x_wconf 88' lang='lat' dir='ltr'><strong>partim</strong></span> <span class='ocrx_word' id='word_1_309' title='bbox 342 3518 417 3588; x_wconf 88' lang='lat' dir='ltr'><strong>quod</strong></span> <span class='ocrx_word' id='word_1_310' title='bbox 438 3517 552 3568; x_wconf 87' lang='lat' dir='ltr'><strong>Romani</strong></span> <span class='ocrx_word' id='word_1_311' title='bbox 575 3517 693 3569; x_wconf 85' lang='lat' dir='ltr'><strong>subitam</strong></span> <span class='ocrx_word' id='word_1_312' title='bbox 715 3521 745 3571; x_wconf 89' lang='lat' dir='ltr'><strong>in</strong></span> <span class='ocrx_word' id='word_1_313' title='bbox 766 3519 839 3601; x_wconf 87' lang='lat' dir='ltr'><strong>ipsos</strong></span> <span class='ocrx_word' id='word_1_314' title='bbox 863 3517 1035 3586; x_wconf 82' lang='lat' dir='ltr'><strong>eruptionem</strong></span> <span class='ocrx_word' id='word_1_315' title='bbox 1056 3517 1201 3579; x_wconf 82' lang='lat' dir='ltr'><strong>iecissent,</strong></span> <span class='ocrx_word' id='word_1_316' title='bbox 1224 3525 1256 3568; x_wconf 90' lang='lat' dir='ltr'><strong>nt</strong></span> <span class='ocrx_word' id='word_1_317' title='bbox 1283 3532 1316 3567; x_wconf 88' lang='lat' dir='ltr'><strong>eo</strong></span> 
     </span>
     <span class='ocr_line' id='line_1_36' title="bbox 226 3585 1317 3656; baseline -0.002 -18"><span class='ocrx_word' id='word_1_318' title='bbox 226 3589 286 3656; x_wconf 89' lang='lat' dir='ltr'><strong>ipso</strong></span> <span class='ocrx_word' id='word_1_319' title='bbox 304 3588 349 3638; x_wconf 88' lang='lat' dir='ltr'><strong>die</strong></span> <span class='ocrx_word' id='word_1_320' title='bbox 368 3589 467 3654; x_wconf 78' lang='lat' dir='ltr'><strong>eampis</strong></span> <span class='ocrx_word' id='word_1_321' title='bbox 488 3585 656 3640; x_wconf 74' lang='lat' dir='ltr'><strong>Chersoneso</strong></span> <span class='ocrx_word' id='word_1_322' title='bbox 672 3587 929 3647; x_wconf 78' lang='lat' dir='ltr'><strong>circumiacentibus</strong></span> <span class='ocrx_word' id='word_1_323' title='bbox 952 3589 1132 3650; x_wconf 81' lang='lat' dir='ltr'><strong>excesserint,</strong></span> <span class='ocrx_word' id='word_1_324' title='bbox 1160 3593 1187 3638; x_wconf 85' lang='lat' dir='ltr'><strong>et</strong></span> <span class='ocrx_word' id='word_1_325' title='bbox 1211 3585 1246 3637; x_wconf 83' lang='lat' dir='ltr'><strong>sd</strong></span> <span class='ocrx_word' id='word_1_326' title='bbox 1268 3587 1317 3636; x_wconf 86' lang='lat' dir='ltr'><strong>Za-</strong></span> 
     </span>
     <span class='ocr_line' id='line_1_37' title="bbox 224 3655 1315 3728; baseline -0.001 -20"><span class='ocrx_word' id='word_1_327' title='bbox 224 3655 327 3726; x_wconf 86' lang='lat' dir='ltr'><strong>bergan</strong></span> <span class='ocrx_word' id='word_1_328' title='bbox 350 3659 465 3728; x_wconf 87' lang='lat' dir='ltr'><strong>eiusque</strong></span> <span class='ocrx_word' id='word_1_329' title='bbox 488 3661 593 3727; x_wconf 87' lang='lat' dir='ltr'><strong>copias,</strong></span> <span class='ocrx_word' id='word_1_330' title='bbox 620 3661 683 3713; x_wconf 80' lang='lat' dir='ltr'><strong>victi</strong></span> <span class='ocrx_word' id='word_1_331' title='bbox 709 3657 744 3710; x_wconf 88' lang='lat' dir='ltr'><strong>sd</strong></span> <span class='ocrx_word' id='word_1_332' title='bbox 768 3658 869 3720; x_wconf 80' lang='lat' dir='ltr'><strong>victos,</strong></span> <span class='ocrx_word' id='word_1_333' title='bbox 893 3657 1076 3727; x_wconf 79' lang='lat' dir='ltr'><strong>pervenerint</strong></span> <span class='ocrx_word' id='word_1_334' title='bbox 1122 3656 1178 3728; x_wconf 83' lang='lat' dir='ltr'><strong>Qui</strong></span> <span class='ocrx_word' id='word_1_335' title='bbox 1199 3673 1265 3708; x_wconf 82' lang='lat' dir='ltr'><strong>vero</strong></span> <span class='ocrx_word' id='word_1_336' title='bbox 1286 3655 1315 3707; x_wconf 91' lang='lat' dir='ltr'><strong>in</strong></span> 
     </span>
     <span class='ocr_line' id='line_1_38' title="bbox 225 3725 1315 3798; baseline -0.002 -20"><span class='ocrx_word' id='word_1_337' title='bbox 225 3727 366 3779; x_wconf 82' lang='lat' dir='ltr'><strong>Graeciam</strong></span> <span class='ocrx_word' id='word_1_338' title='bbox 383 3738 462 3780; x_wconf 81' lang='lat' dir='ltr'><strong>antea</strong></span> <span class='ocrx_word' id='word_1_339' title='bbox 481 3731 556 3782; x_wconf 85' lang='lat' dir='ltr'><strong>missi</strong></span> <span class='ocrx_word' id='word_1_340' title='bbox 572 3738 666 3792; x_wconf 87' lang='lat' dir='ltr'><strong>erant,</strong></span> <span class='ocrx_word' id='word_1_341' title='bbox 683 3727 755 3780; x_wconf 89' lang='lat' dir='ltr'><strong>nihil</strong></span> <span class='ocrx_word' id='word_1_342' title='bbox 769 3729 850 3798; x_wconf 87' lang='lat' dir='ltr'><strong>piane</strong></span> <span class='ocrx_word' id='word_1_343' title='bbox 866 3737 1013 3780; x_wconf 86' lang='lat' dir='ltr'><strong>memoratu</strong></span> <span class='ocrx_word' id='word_1_344' title='bbox 1035 3725 1145 3798; x_wconf 81' lang='lat' dir='ltr'><strong>dignuin</strong></span> <span class='ocrx_word' id='word_1_345' title='bbox 1165 3733 1315 3794; x_wconf 81' lang='lat' dir='ltr'><strong>gesserunt,</strong></span> 
     </span>
     <span class='ocr_line' id='line_1_39' title="bbox 224 3796 1315 3869; baseline 0.001 -22"><span class='ocrx_word' id='word_1_346' title='bbox 224 3797 302 3859; x_wconf 79' lang='lat' dir='ltr'><strong>nullo</strong></span> <span class='ocrx_word' id='word_1_347' title='bbox 322 3799 350 3848; x_wconf 91' lang='lat' dir='ltr'><strong>in</strong></span> <span class='ocrx_word' id='word_1_348' title='bbox 370 3798 501 3859; x_wconf 73' lang='lat' dir='ltr'><strong>isthmum</strong></span> <span class='ocrx_word' id='word_1_349' title='bbox 521 3799 624 3868; x_wconf 86' lang='lat' dir='ltr'><strong>impetn</strong></span> <span class='ocrx_word' id='word_1_350' title='bbox 646 3800 739 3862; x_wconf 84' lang='lat' dir='ltr'><strong>iacto,</strong></span> <span class='ocrx_word' id='word_1_351' title='bbox 759 3799 806 3850; x_wconf 87' lang='lat' dir='ltr'><strong>sed</strong></span> <span class='ocrx_word' id='word_1_352' title='bbox 823 3815 858 3852; x_wconf 88' lang='lat' dir='ltr'><strong>ne</strong></span> <span class='ocrx_word' id='word_1_353' title='bbox 880 3796 1075 3866; x_wconf 80' lang='lat' dir='ltr'><strong>Thermopylas</strong></span> <span class='ocrx_word' id='word_1_354' title='bbox 1098 3799 1209 3869; x_wconf 87' lang='lat' dir='ltr'><strong>quidem</strong></span> <span class='ocrx_word' id='word_1_355' title='bbox 1232 3797 1315 3848; x_wconf 88' lang='lat' dir='ltr'><strong>initio</strong></span> 
     </span>
     <span class='ocr_line' id='line_1_40' title="bbox 224 3867 1314 3940; baseline -0.002 -21"><span class='ocrx_word' id='word_1_356' title='bbox 224 3870 398 3938; x_wconf 76' lang='lat' dir='ltr'><strong>transgressi,</strong></span> <span class='ocrx_word' id='word_1_357' title='bbox 425 3868 499 3940; x_wconf 86' lang='lat' dir='ltr'><strong>quod</strong></span> <span class='ocrx_word' id='word_1_358' title='bbox 518 3871 578 3920; x_wconf 86' lang='lat' dir='ltr'><strong>illas</strong></span> <span class='ocrx_word' id='word_1_359' title='bbox 600 3871 780 3926; x_wconf 84' lang='lat' dir='ltr'><strong>Romanorum</strong></span> <span class='ocrx_word' id='word_1_360' title='bbox 801 3867 938 3938; x_wconf 84' lang='lat' dir='ltr'><strong>praesidia</strong></span> <span class='ocrx_word' id='word_1_361' title='bbox 960 3867 1133 3921; x_wconf 76' lang='lat' dir='ltr'><strong>insedissent</strong></span> <span class='ocrx_word' id='word_1_362' title='bbox 1179 3867 1314 3937; x_wconf 83' lang='lat' dir='ltr'><strong>Quocirca</strong></span> 
     </span>
     <span class='ocr_line' id='line_1_41' title="bbox 225 3937 1313 4008; baseline -0.003 -19"><span class='ocrx_word' id='word_1_363' title='bbox 225 3939 308 3989; x_wconf 88' lang='lat' dir='ltr'><strong>etiam</strong></span> <span class='ocrx_word' id='word_1_364' title='bbox 330 3937 362 3989; x_wconf 90' lang='lat' dir='ltr'><strong>hi</strong></span> <span class='ocrx_word' id='word_1_365' title='bbox 381 3938 567 4004; x_wconf 82' lang='lat' dir='ltr'><strong>discedentes,</strong></span> <span class='ocrx_word' id='word_1_366' title='bbox 586 3941 638 3991; x_wconf 92' lang='lat' dir='ltr'><strong>iter</strong></span> <span class='ocrx_word' id='word_1_367' title='bbox 653 3939 797 3995; x_wconf 82' lang='lat' dir='ltr'><strong>Thraciam</strong></span> <span class='ocrx_word' id='word_1_368' title='bbox 816 3955 907 3990; x_wconf 82' lang='lat' dir='ltr'><strong>versus</strong></span> <span class='ocrx_word' id='word_1_369' title='bbox 928 3945 991 3990; x_wconf 86' lang='lat' dir='ltr'><strong>sunt</strong></span> <span class='ocrx_word' id='word_1_370' title='bbox 1018 3939 1147 4008; x_wconf 85' lang='lat' dir='ltr'><strong>ingrcssi,</strong></span> <span class='ocrx_word' id='word_1_371' title='bbox 1170 3946 1202 3989; x_wconf 87' lang='lat' dir='ltr'><strong>ut</strong></span> <span class='ocrx_word' id='word_1_372' title='bbox 1231 3939 1259 3990; x_wconf 91' lang='lat' dir='ltr'><strong>in</strong></span> <span class='ocrx_word' id='word_1_373' title='bbox 1282 3953 1313 3988; x_wconf 84' lang='lat' dir='ltr'><strong>ca</strong></span> 
     </span>
     <span class='ocr_line' id='line_1_42' title="bbox 225 4006 1312 4079; baseline -0.002 -20"><span class='ocrx_word' id='word_1_374' title='bbox 225 4025 290 4065; x_wconf 83' lang='lat' dir='ltr'><strong>suae</strong></span> <span class='ocrx_word' id='word_1_375' title='bbox 307 4009 395 4078; x_wconf 88' lang='lat' dir='ltr'><strong>gentis</strong></span> <span class='ocrx_word' id='word_1_376' title='bbox 413 4009 569 4062; x_wconf 84' lang='lat' dir='ltr'><strong>hominibus</strong></span> <span class='ocrx_word' id='word_1_377' title='bbox 580 4011 729 4073; x_wconf 86' lang='lat' dir='ltr'><strong>coniuncti,</strong></span> <span class='ocrx_word' id='word_1_378' title='bbox 740 4008 823 4061; x_wconf 88' lang='lat' dir='ltr'><strong>simul</strong></span> <span class='ocrx_word' id='word_1_379' title='bbox 840 4006 971 4079; x_wconf 88' lang='lat' dir='ltr'><strong>deinceps</strong></span> <span class='ocrx_word' id='word_1_380' title='bbox 986 4009 1020 4060; x_wconf 84' lang='lat' dir='ltr'><strong>ad</strong></span> <span class='ocrx_word' id='word_1_381' title='bbox 1039 4025 1086 4059; x_wconf 86' lang='lat' dir='ltr'><strong>sua</strong></span> <span class='ocrx_word' id='word_1_382' title='bbox 1104 4015 1312 4060; x_wconf 80' lang='lat' dir='ltr'><strong>reverterentur.</strong></span> 
     </span>
     <span class='ocr_line' id='line_1_43' title="bbox 223 4076 1312 4162; baseline -0.002 -32"><span class='ocrx_word' id='word_1_383' title='bbox 223 4078 360 4150; x_wconf 80' lang='lat' dir='ltr'><strong>Zabergun</strong></span> <span class='ocrx_word' id='word_1_384' title='bbox 380 4097 444 4131; x_wconf 86' lang='lat' dir='ltr'><strong>vero</strong></span> <span class='ocrx_word' id='word_1_385' title='bbox 465 4083 579 4162; x_wconf 70' lang='lat' dir='ltr'><strong>cinisque</strong></span> <span class='ocrx_word' id='word_1_386' title='bbox 604 4079 697 4150; x_wconf 88' lang='lat' dir='ltr'><strong>copiae</strong></span> <span class='ocrx_word' id='word_1_387' title='bbox 728 4097 783 4132; x_wconf 87' lang='lat' dir='ltr'><strong>non</strong></span> <span class='ocrx_word' id='word_1_388' title='bbox 810 4086 890 4132; x_wconf 83' lang='lat' dir='ltr'><strong>antea</strong></span> <span class='ocrx_word' id='word_1_389' title='bbox 913 4096 942 4131; x_wconf 87' lang='lat' dir='ltr'><strong>sc</strong></span> <span class='ocrx_word' id='word_1_390' title='bbox 972 4078 1136 4132; x_wconf 86' lang='lat' dir='ltr'><strong>discessuros</strong></span> <span class='ocrx_word' id='word_1_391' title='bbox 1166 4076 1312 4140; x_wconf 74' lang='lat' dir='ltr'><strong>iactabant,</strong></span> 
     </span>
     <span class='ocr_line' id='line_1_44' title="bbox 224 4147 1312 4230; baseline -0.003 -27"><span class='ocrx_word' id='word_1_392' title='bbox 224 4167 304 4230; x_wconf 75' lang='grc' dir='ltr'><strong><em>ηαιιιι</em></strong></span> <span class='ocrx_word' id='word_1_393' title='bbox 319 4151 462 4223; x_wconf 86' lang='lat' dir='ltr'><strong>&#39;ingentem</strong></span> <span class='ocrx_word' id='word_1_394' title='bbox 482 4167 541 4208; x_wconf 82' lang='lat' dir='ltr'><strong>aun</strong></span> <span class='ocrx_word' id='word_1_395' title='bbox 568 4152 624 4207; x_wconf 77' lang='lat' dir='ltr'><strong>sim</strong></span> <span class='ocrx_word' id='word_1_396' title='bbox 648 4169 664 4204; x_wconf 82' lang='lat' dir='ltr'><strong>a</strong></span> <span class='ocrx_word' id='word_1_397' title='bbox 689 4150 815 4205; x_wconf 76' lang='lat' dir='ltr'><strong>Romanis</strong></span> <span class='ocrx_word' id='word_1_398' title='bbox 851 4149 1047 4216; x_wconf 77' lang='lat' dir='ltr'><strong>abstulissent,</strong></span> <span class='ocrx_word' id='word_1_399' title='bbox 1082 4147 1312 4222; x_wconf 83' lang='lat' dir='ltr'><strong>quemadmodum</strong></span> 
     </span>
    </p>
   </div>
   <div class='ocr_carea' id='block_1_6' title="bbox 0 0 1454 4792">
    <p class='ocr_par' dir='ltr' id='par_1_7' title="bbox 0 0 1454 4792">
     <span class='ocr_line' id='line_1_45' title="bbox 0 0 1454 4792; baseline 0 6"><span class='ocrx_word' id='word_1_400' title='bbox 0 0 1454 4792; x_wconf 95' lang='lat' dir='ltr'><strong> </strong></span> 
     </span>
    </p>
   </div>
  </div>
 </body>
</html>
