2900 4792
290 149 402 240 ³xv'1u
727 199 732 208 ·
814 172 913 238 rrrn

306 331 338 394 id
347 339 450 393 umen
464 337 586 394 certum
596 327 680 392 foret
693 327 866 392 indicium:
883 325 1014 406 etenim,
1025 325 1210 390 dominnote
1221 325 1377 410 reiigione

304 428 504 512 Christiano,
525 449 643 514 paucos
664 427 886 512 iilorgentiiec
908 427 964 510 qui
981 425 1261 510 Constantinopoli
1283 427 1379 508 dege-

304 529 383 590 bnnt
400 527 476 590 teliu
498 537 573 590 note
591 525 739 590 habuisse
758 547 823 589 nnn
838 525 982 608 estquod
996 523 1194 587 dubitemnrr
1215 533 1310 606 utque
1325 523 1379 585 ubi

305 627 339 688 id
357 629 479 710 profert
498 626 715 689 Christianum
735 626 921 708 loquentem
938 622 1074 692 inducit.
1100 623 1213 686 Mitem
1223 643 1300 684 vero
1315 623 1382 683 nni·

304 747 392 787 mum
417 727 450 788 in
481 725 755 812 reprehendendis
782 725 896 788 olienis
920 725 1036 803 neoris,
1066 722 1127 784 oiri
1155 720 1297 806 improbe
1318 720 1381 783 rint

181 831 183 838 ’
304 833 399 906 utque
422 823 589 899 immunin3
620 834 652 888 et
669 823 903 907 indulgentium
925 843 1006 906 qune
1023 822 1125 884 errori
1141 822 1175 882 in
1200 819 1382 883 huiusmodi

286 923 410 1000 rebus,
429 933 538 1010 utpote
555 946 618 987 unu
632 923 825 1006 voluntario,
843 922 968 986 reniam
981 921 1153 1002 tribuit29);
1175 920 1263 982 inter
1276 940 1382 981 oneror

305 1019 392 1085 illinc
406 1024 475 1085 ocri
494 1025 617 1085 furores
640 1023 692 1085 rix
711 1022 788 1086 eiibi
807 1031 1005 1104 exspectarer
1021 1042 1117 1104 quem
1140 1020 1226 1104 opud
1249 1039 1305 1081 eor
1327 1017 1386 1100 qui

306 1119 539 1184 dominantium
553 1120 742 1184 crudelitate
762 1129 794 1183 et
816 1121 1147 1182 rueritinrexurentur
1163 1119 1236 1201 ipsi.
1268 1115 1380 1197 ltaque

302 1219 467 1304 probabile
486 1229 542 1298 ent,
562 1219 677 1305 gentili
697 1228 787 1319 pptre
801 1229 1018 1302 procreatum,
1040 1216 1302 1303 prcceuieieque
1321 1225 1383 1277 ntu-

302 1317 364 1380 diis
388 1317 577 1381 innutritum
598 1329 630 1380 et
649 1318 856 1398 delectatum,
881 1338 921 1378 ne
945 1318 1051 1400 legum
1066 1317 1182 1402 poenis
1197 1313 1383 1376 bominum·

302 1437 366 1498 que
383 1414 553 1478 violentiae
573 1415 732 1478 obnoxius
751 1424 852 1494 erret,
874 1437 940 1477 uon
965 1415 1128 1498 opinionis
1144 1413 1177 1478 ri
1200 1413 1383 1488 adductum,

302 1513 492 1577 Christiania
511 1535 545 1577 ne
566 1515 760 1580 adiunxisse.

384 1611 591 1675 Historiarum
618 1611 692 1674 libri
717 1613 815 1697 vulgo
840 1633 881 1674 ex
905 1611 1017 1676 codice
1040 1607 1385 1694 Lugduneuriiurcri·

300 1709 421 1772 buntur
445 1705 596 1794 περὶτῆς
625 1707 857 1775 Ἰουστινιανοῦ
888 1707 1063 1791 βασιλείαςι
1091 1709 1171 1770 vitio
1196 1707 1386 1770 mnniiento:

299 1829 398 1892 quum
408 1810 542 1892 scriptor
555 1831 589 1872 re
605 1811 644 1873 de
667 1819 770 1872 morte
786 1810 902 1872 lurtiui
919 1805 1073 1871 Germani
1086 1808 1162 1870 f.-
1173 1807 1234 1889 qui
1254 1807 1386 1868 iubente

299 1907 421 1968 luetino
446 1907 511 1972 ino.
537 1909 619 1993 lmp.
642 1919 775 1971 necatur
794 1919 841 1971 ert
860 1943 902 1955 —
920 1909 977 1972 lv.
992 1927 1041 1970 nr.
1052 1929 1084 1989 p.
1099 1901 1172 1971 255.
1189 1931 1197 1966 ι
1232 1915 1332 1988 utque
1346 1904 1386 1966 de

299 2005 448 2069 Chorroir
469 2008 533 2068 fine
551 2006 642 2089 (577.)
662 2008 717 2071 IV.
735 2027 784 2090 ²9·
806 2029 838 2092 p.
856 2025 926 2090 ²7²·
946 2005 1107 2075 dicturum
1120 2024 1196 2067 erre
1212 2006 1387 2089 promitur.

298 2103 341 2165 At
361 2105 447 2166 idem
474 2104 576 2167 codex
595 2115 696 2184 recte,
714 2127 774 2190 pro
790 2105 879 2168 iiiinr
894 2105 1004 2182 uetptie
1016 2125 1116 2181 more,
1131 2117 1233 2187 quern
1249 2103 1291 2164 eb
1308 2103 1390 2165 Ern-

298 2203 387 2286 grio,
423 2204 543 2266 lounne
573 2203 826 2288 Epiphnuicuri,
869 2203 1005 2290 aliisque
1035 2211 1198 2268 renatum
1230 2202 1389 2282 videmur,

301 2301 401 2364 libror
420 2292 536 2380 τόμους
553 2309 656 2366 vocnt.
1104 2362 1112 2378 ,

381 2399 516 2462 codice·
535 2399 645 2483 scripti
665 2399 818 2484 perpauci
834 2409 1015 2484 supersunt.
1044 2402 1094 2463 De
1110 2399 1344 2486 Rebdigereuo
1356 2407 1387 2462 et

297 2496 519 2580 Lugduueuoi,
540 2497 656 2580 quibus
675 2519 843 2579 uenenum,
865 2498 944 2560 dixi.
965 2499 1155 2562 Vaticanum
1176 2496 1384 2564 membrane-

299 2613 393 2656 ceum
410 2613 491 2670 esre,
511 2594 689 2678 antiquum,
702 2595 986 2680 mibiriguificurit
998 2596 1194 2680 Ang.biniue
1209 2623 1242 2667 ι.
1263 2599 1315 2666 iii.
1331 2595 1388 2680 qni

296 2691 456 2755 variantes
475 2693 646 2777 scripturae
663 2714 703 2756 ex
728 2697 834 2777 quarti
852 2694 926 2758 libri
940 2694 1032 2756 initio
1049 2694 1205 2759 delibatur
1230 2696 1387 2782 specimi-

297 2791 348 2854 nin
366 2792 438 2854 loco
453 2792 547 2861 misit.
565 2791 630 2856 Eue
645 2815 719 2858 cum
732 2795 955 2879 Rehdigerenn
970 2795 1053 2857 libro
1068 2795 1113 2857 itu
1124 2798 1337 2860 conveniunt
1353 2805 1390 2859 nt

296 2889 390 2954 uelde
407 2891 569 2975 probabile
588 2893 630 2954 rit
651 2893 740 2956 huuc
764 2893 840 2957 inde
865 2895 1061 2980 exscriptum
1083 2915 1162 2960 erre.
1189 2896 1388 2980 Exrcriptnr

296 2999 405 3054 nutem
422 2999 470 3053 eet
490 3011 529 3052 ex
551 2991 661 3056 codice
681 2993 825 3077 integror
846 2994 1080 3073 utVnticnnur,
1102 3005 1262 3058 monente
1289 2997 1389 3074 Maio,

294 3109 383 3152 nuuc
396 3089 527 3173 quidem
546 3099 602 3169 ent,
619 3092 805 3176 nnppletirn
821 3093 1003 3155 recentiore
1014 3114 1110 3154 moun
1127 3093 1386 3176 aliquomodo,

294 3187 353 3252 ned
375 3188 528 3270 quoniam
550 3209 586 3251 en
606 3191 780 3274 aliqnando
808 3189 951 3270 deerunt,
980 3191 1056 3254 inde
1079 3202 1271 3256 ornemur
1293 3196 1386 3256 tacu·

295 3307 357 3348 nne
375 3286 407 3346 in
426 3287 572 3350 versione
588 3289 765 3363 Perconne3
786 3283 864 3353 iicet
879 3290 984 3354 codici
1007 3311 1072 3374 quo
1094 3290 1216 3352 uncus
1240 3303 1388 3369 eet-cnm

293 3383 518 3469 Rchdigereno
533 3387 677 3470 proxima
700 3383 877 3451 intercedet
899 3389 1045 3452 affinitur.
1076 3389 1196 3451 Temen
1217 3387 1278 3454 bic
1297 3391 1388 3456 vati·

293 3503 390 3544 cnunc
415 3482 517 3545 codex
536 3493 573 3546 nt
596 3485 771 3569 aliqnando
793 3488 999 3571 inspicietur,
1021 3487 1196 3571 optandum
1219 3497 1295 3564 ert3
1318 3509 1386 3574 qno

277 3581 389 3664 'plane
402 3579 441 3644 de
459 3579 522 3644 [ide
543 3591 638 3667 utque
656 3586 840 3648 auctoritate
859 3583 1072 3668 Rebdigerani
1094 3593 1243 3649 courtnre
1261 3587 1388 3670 poerit.

291 3677 460 3742 Praeterea
473 3702 514 3744 ex
527 3681 780 3746 Montefeiconio
793 3684 956 3748 Herieriur
969 3682 1117 3746 Fabricio
1129 3683 1323 3768 ndrcriprit,
1335 3687 1390 3747 in·

276 3767 416 3862 'tegrum
434 3799 514 3864 opun
533 3775 779 3865 exoteregmece
795 3781 1161 3869 intercodicerrcriptor
1179 3784 1390 3848 ottoboni·-

291 3895 367 3951 ποις
389 3885 486 3963 etque
508 3880 541 3942 in
560 3879 633 3952 cod.
648 3883 774 3950 nutv.
790 3879 1006 3949 bibliothecen
1022 3883 1197 3948 Vaticanun
1219 3883 1390 3970 entique

326 4033 371 4104 ²9)
389 4029 457 4088 urse
477 4035 496 4086 1.
512 4051 538 4106 7.
556 4049 583 4106 p.
604 4037 647 4092 ιθ.
