<?xml version="1.0" encoding="UTF-8"?>
<!DOCTYPE html PUBLIC "-//W3C//DTD XHTML 1.0 Transitional//EN"
    "http://www.w3.org/TR/xhtml1/DTD/xhtml1-transitional.dtd">
<html xmlns="http://www.w3.org/1999/xhtml" xml:lang="en" lang="en">
 <head>
  <title>
</title>
<meta http-equiv="Content-Type" content="text/html;charset=utf-8" />
  <meta name='ocr-system' content='tesseract 3.04.00' />
  <meta name='ocr-capabilities' content='ocr_page ocr_carea ocr_par ocr_line ocrx_word'/>
</head>
<body>
  <div class='ocr_page' id='page_1' title='image "./corpusscriptoru55theogoog/corpusscriptoru55theogoog_0024.png"; bbox 0 0 2900 4792; ppageno 0'>
   <div class='ocr_carea' id='block_1_1' title="bbox 289 209 1003 275">
    <p class='ocr_par' dir='ltr' id='par_1_1' title="bbox 289 209 1003 275">
     <span class='ocr_line' id='line_1_1' title="bbox 289 209 1003 275; baseline -0.001 -1"><span class='ocrx_word' id='word_1_1' title='bbox 289 214 341 274; x_wconf 78' lang='lat' dir='ltr'><strong>XX</strong></span> <span class='ocrx_word' id='word_1_2' title='bbox 659 210 756 275; x_wconf 82' lang='lat' dir='ltr'><strong>VITA</strong></span> <span class='ocrx_word' id='word_1_3' title='bbox 784 209 1003 275; x_wconf 79' lang='lat' dir='ltr'><strong>AGATHIAE.</strong></span> 
     </span>
    </p>
   </div>
   <div class='ocr_carea' id='block_1_2' title="bbox 281 325 1370 1435">
    <p class='ocr_par' dir='ltr' id='par_1_2' title="bbox 281 325 1370 1435">
     <span class='ocr_line' id='line_1_2' title="bbox 288 325 1369 448; baseline -0.012 -19"><span class='ocrx_word' id='word_1_4' title='bbox 288 325 815 448; x_wconf 71' lang='lat' dir='ltr'><strong>piessamesseitomaeap.1ae.&#39;</strong></span> <span class='ocrx_word' id='word_1_5' title='bbox 836 360 1038 425; x_wconf 80' lang='lat' dir='ltr'><strong>Maroehiam</strong></span> <span class='ocrx_word' id='word_1_6' title='bbox 1062 360 1149 428; x_wconf 76' lang='grc'><strong>1516.</strong></span> <span class='ocrx_word' id='word_1_7' title='bbox 1171 357 1226 423; x_wconf 79' lang='lat' dir='ltr'><strong>toi.</strong></span> <span class='ocrx_word' id='word_1_8' title='bbox 1251 356 1369 441; x_wconf 78' lang='lat' dir='ltr'><strong>repeti-</strong></span> 
     </span>
     <span class='ocr_line' id='line_1_3' title="bbox 287 457 1370 546; baseline -0.009 -20"><span class='ocrx_word' id='word_1_9' title='bbox 287 475 352 526; x_wconf 87' lang='lat' dir='ltr'><strong>tam</strong></span> <span class='ocrx_word' id='word_1_10' title='bbox 378 463 494 526; x_wconf 88' lang='lat' dir='ltr'><strong>deinde</strong></span> <span class='ocrx_word' id='word_1_11' title='bbox 514 462 674 546; x_wconf 73' lang='lat' dir='ltr'><strong>Augustae</strong></span> <span class='ocrx_word' id='word_1_12' title='bbox 692 461 937 527; x_wconf 79' lang='lat' dir='ltr'><strong>vindelicorum</strong></span> <span class='ocrx_word' id='word_1_13' title='bbox 959 483 1018 545; x_wconf 89' lang='lat' dir='ltr'><strong>per</strong></span> <span class='ocrx_word' id='word_1_14' title='bbox 1037 460 1163 545; x_wconf 86' lang='lat' dir='ltr'><strong>Sigism.</strong></span> <span class='ocrx_word' id='word_1_15' title='bbox 1185 457 1308 520; x_wconf 87' lang='lat' dir='ltr'><strong>Grimm</strong></span> <span class='ocrx_word' id='word_1_16' title='bbox 1333 466 1370 518; x_wconf 88' lang='lat' dir='ltr'><strong>et</strong></span> 
     </span>
     <span class='ocr_line' id='line_1_4' title="bbox 286 554 1367 644; baseline -0.011 -18"><span class='ocrx_word' id='word_1_17' title='bbox 286 565 330 630; x_wconf 88' lang='lat' dir='ltr'><strong>M.</strong></span> <span class='ocrx_word' id='word_1_18' title='bbox 343 563 498 644; x_wconf 88' lang='lat' dir='ltr'><strong>Wirsung</strong></span> <span class='ocrx_word' id='word_1_19' title='bbox 515 563 600 644; x_wconf 82' lang='lat'>¹5¹9·</span> <span class='ocrx_word' id='word_1_20' title='bbox 611 561 642 638; x_wconf 76' lang='grc'><strong>4.</strong></span> <span class='ocrx_word' id='word_1_21' title='bbox 653 568 686 623; x_wconf 87' lang='lat' dir='ltr'><strong>et</strong></span> <span class='ocrx_word' id='word_1_22' title='bbox 701 567 811 644; x_wconf 91' lang='lat' dir='ltr'><strong>postea</strong></span> <span class='ocrx_word' id='word_1_23' title='bbox 821 579 895 621; x_wconf 90' lang='lat' dir='ltr'><strong>cnm</strong></span> <span class='ocrx_word' id='word_1_24' title='bbox 906 560 1066 644; x_wconf 78' lang='lat' dir='ltr'>Procopio</span> <span class='ocrx_word' id='word_1_25' title='bbox 1084 569 1179 642; x_wconf 86' lang='lat' dir='ltr'><strong>atque</strong></span> <span class='ocrx_word' id='word_1_26' title='bbox 1193 554 1367 630; x_wconf 75' lang='lat' dir='ltr'><strong>tornando,</strong></span> 
     </span>
     <span class='ocr_line' id='line_1_5' title="bbox 288 651 1367 744; baseline -0.01 -22"><span class='ocrx_word' id='word_1_27' title='bbox 288 661 423 744; x_wconf 82' lang='lat' dir='ltr'><strong>aliisque</strong></span> <span class='ocrx_word' id='word_1_28' title='bbox 444 659 545 722; x_wconf 83' lang='lat' dir='ltr'><strong>affinis</strong></span> <span class='ocrx_word' id='word_1_29' title='bbox 568 657 749 742; x_wconf 85' lang='lat' dir='ltr'><strong>argumenti</strong></span> <span class='ocrx_word' id='word_1_30' title='bbox 774 658 884 738; x_wconf 92' lang='lat' dir='ltr'><strong>libris,</strong></span> <span class='ocrx_word' id='word_1_31' title='bbox 913 658 1085 741; x_wconf 71' lang='lat' dir='ltr'><strong>praemissa</strong></span> <span class='ocrx_word' id='word_1_32' title='bbox 1106 658 1194 720; x_wconf 86' lang='lat' dir='ltr'><strong>Beati</strong></span> <span class='ocrx_word' id='word_1_33' title='bbox 1216 651 1367 718; x_wconf 85' lang='lat' dir='ltr'><strong>Rhenani</strong></span> 
     </span>
     <span class='ocr_line' id='line_1_6' title="bbox 285 754 1368 843; baseline -0.006 -24"><span class='ocrx_word' id='word_1_34' title='bbox 285 757 496 843; x_wconf 67' lang='lat' dir='ltr'><strong>praefatione,</strong></span> <span class='ocrx_word' id='word_1_35' title='bbox 516 757 658 819; x_wconf 86' lang='lat' dir='ltr'><strong>Basiieae</strong></span> <span class='ocrx_word' id='word_1_36' title='bbox 678 778 727 842; x_wconf 89' lang='lat' dir='ltr'><strong>ap.</strong></span> <span class='ocrx_word' id='word_1_37' title='bbox 741 757 933 840; x_wconf 74' lang='lat' dir='ltr'><strong>Hemagiam</strong></span> <span class='ocrx_word' id='word_1_38' title='bbox 951 754 1368 838; x_wconf 66' lang='lat' dir='ltr'><strong>1531.fot.ettug‹t1594</strong></span> 
     </span>
     <span class='ocr_line' id='line_1_7' title="bbox 285 852 1367 921; baseline -0.008 0"><span class='ocrx_word' id='word_1_39' title='bbox 285 859 315 921; x_wconf 87' lang='grc'><strong>8.</strong></span> <span class='ocrx_word' id='word_1_40' title='bbox 325 883 382 917; x_wconf 83' lang='lat'><strong>:-—</strong></span> <span class='ocrx_word' id='word_1_41' title='bbox 401 855 636 919; x_wconf 79' lang='lat' dir='ltr'><strong>dedicationem</strong></span> <span class='ocrx_word' id='word_1_42' title='bbox 652 859 811 920; x_wconf 73' lang='lat' dir='ltr'><strong>Personae</strong></span> <span class='ocrx_word' id='word_1_43' title='bbox 823 858 863 918; x_wconf 89' lang='lat' dir='ltr'><strong>ad</strong></span> <span class='ocrx_word' id='word_1_44' title='bbox 877 856 1002 917; x_wconf 81' lang='lat' dir='ltr'><strong>Sixtnm</strong></span> <span class='ocrx_word' id='word_1_45' title='bbox 1018 854 1074 921; x_wconf 82' lang='lat' dir='ltr'><strong>lv.</strong></span> <span class='ocrx_word' id='word_1_46' title='bbox 1093 858 1185 920; x_wconf 87' lang='lat' dir='ltr'><strong>Pont.</strong></span> <span class='ocrx_word' id='word_1_47' title='bbox 1194 857 1236 916; x_wconf 83' lang='lat' dir='ltr'><strong>M.</strong></span> <span class='ocrx_word' id='word_1_48' title='bbox 1245 852 1367 915; x_wconf 87' lang='lat' dir='ltr'><strong>aditam</strong></span> 
     </span>
     <span class='ocr_line' id='line_1_8' title="bbox 285 953 1295 1038; baseline -0.007 -20"><span class='ocrx_word' id='word_1_49' title='bbox 285 953 401 1018; x_wconf 87' lang='lat' dir='ltr'><strong>esseio</strong></span> <span class='ocrx_word' id='word_1_50' title='bbox 419 954 693 1017; x_wconf 84' lang='lat' dir='ltr'><strong>dissertationibus</strong></span> <span class='ocrx_word' id='word_1_51' title='bbox 716 955 796 1017; x_wconf 90' lang='lat' dir='ltr'><strong>Zeni</strong></span> <span class='ocrx_word' id='word_1_52' title='bbox 813 955 977 1020; x_wconf 88' lang='lat' dir='ltr'><strong>Vossianis</strong></span> <span class='ocrx_word' id='word_1_53' title='bbox 993 954 1037 1021; x_wconf 84' lang='lat' dir='ltr'><strong>li.</strong></span> <span class='ocrx_word' id='word_1_54' title='bbox 1058 977 1090 1038; x_wconf 87' lang='lat' dir='ltr'><strong>p.</strong></span> <span class='ocrx_word' id='word_1_55' title='bbox 1111 954 1295 1032; x_wconf 70' lang='grc'><strong>141-144.</strong></span> 
     </span>
     <span class='ocr_line' id='line_1_9' title="bbox 364 1051 1365 1138; baseline -0.005 -22"><span class='ocrx_word' id='word_1_56' title='bbox 364 1055 433 1138; x_wconf 85' lang='lat' dir='ltr'><strong>Ego</strong></span> <span class='ocrx_word' id='word_1_57' title='bbox 456 1074 530 1116; x_wconf 88' lang='lat' dir='ltr'><strong>osas</strong></span> <span class='ocrx_word' id='word_1_58' title='bbox 555 1074 625 1116; x_wconf 85' lang='lat' dir='ltr'><strong>eum</strong></span> <span class='ocrx_word' id='word_1_59' title='bbox 656 1053 797 1116; x_wconf 83' lang='lat' dir='ltr'><strong>editione</strong></span> <span class='ocrx_word' id='word_1_60' title='bbox 828 1076 910 1138; x_wconf 89' lang='lat' dir='ltr'><strong>qnae</strong></span> <span class='ocrx_word' id='word_1_61' title='bbox 933 1076 952 1115; x_wconf 92' lang='lat' dir='ltr'><strong>a</strong></span> <span class='ocrx_word' id='word_1_62' title='bbox 974 1054 1123 1118; x_wconf 75' lang='lat' dir='ltr'><strong>Fabricio</strong></span> <span class='ocrx_word' id='word_1_63' title='bbox 1148 1051 1267 1116; x_wconf 86' lang='lat' dir='ltr'><strong>dicitur</strong></span> <span class='ocrx_word' id='word_1_64' title='bbox 1291 1071 1365 1134; x_wconf 90' lang='lat' dir='ltr'><strong>pro·</strong></span> 
     </span>
     <span class='ocr_line' id='line_1_10' title="bbox 284 1151 1368 1240; baseline -0.004 -24"><span class='ocrx_word' id='word_1_65' title='bbox 284 1153 485 1240; x_wconf 83' lang='lat' dir='ltr'><strong>diisseanno</strong></span> <span class='ocrx_word' id='word_1_66' title='bbox 512 1151 597 1234; x_wconf 82' lang='lat'><strong>1576.</strong></span> <span class='ocrx_word' id='word_1_67' title='bbox 616 1152 758 1214; x_wconf 88' lang='lat' dir='ltr'><strong>Basileae</strong></span> <span class='ocrx_word' id='word_1_68' title='bbox 773 1173 823 1237; x_wconf 87' lang='lat' dir='ltr'><strong>ap.</strong></span> <span class='ocrx_word' id='word_1_69' title='bbox 844 1155 881 1216; x_wconf 90' lang='lat' dir='ltr'><strong>P.</strong></span> <span class='ocrx_word' id='word_1_70' title='bbox 899 1158 1051 1226; x_wconf 83' lang='lat' dir='ltr'><strong>Pernsm3</strong></span> <span class='ocrx_word' id='word_1_71' title='bbox 1074 1153 1132 1217; x_wconf 90' lang='lat' dir='ltr'><strong>sed</strong></span> <span class='ocrx_word' id='word_1_72' title='bbox 1153 1151 1230 1212; x_wconf 85' lang='lat' dir='ltr'><strong>anni</strong></span> <span class='ocrx_word' id='word_1_73' title='bbox 1256 1157 1368 1212; x_wconf 86' lang='lat' dir='ltr'><strong>notam</strong></span> 
     </span>
     <span class='ocr_line' id='line_1_11' title="bbox 283 1249 1364 1334; baseline 0.002 -24"><span class='ocrx_word' id='word_1_74' title='bbox 283 1250 316 1313; x_wconf 94' lang='lat' dir='ltr'><strong>in</strong></span> <span class='ocrx_word' id='word_1_75' title='bbox 338 1251 486 1334; x_wconf 83' lang='lat' dir='ltr'><strong>exemplo</strong></span> <span class='ocrx_word' id='word_1_76' title='bbox 502 1249 590 1333; x_wconf 87' lang='lat' dir='ltr'><strong>quod</strong></span> <span class='ocrx_word' id='word_1_77' title='bbox 606 1249 685 1312; x_wconf 87' lang='lat' dir='ltr'><strong>mihi</strong></span> <span class='ocrx_word' id='word_1_78' title='bbox 703 1250 793 1313; x_wconf 89' lang='lat' dir='ltr'><strong>adest</strong></span> <span class='ocrx_word' id='word_1_79' title='bbox 809 1253 925 1314; x_wconf 81' lang='lat' dir='ltr'><strong>frastra</strong></span> <span class='ocrx_word' id='word_1_80' title='bbox 941 1254 1094 1334; x_wconf 79' lang='lat' dir='ltr'><strong>quaesivi.</strong></span> <span class='ocrx_word' id='word_1_81' title='bbox 1137 1251 1187 1313; x_wconf 87' lang='lat' dir='ltr'><strong>lbi</strong></span> <span class='ocrx_word' id='word_1_82' title='bbox 1207 1249 1364 1333; x_wconf 80' lang='lat' dir='ltr'><strong>Agathiae</strong></span> 
     </span>
     <span class='ocr_line' id='line_1_12' title="bbox 281 1348 1362 1435; baseline -0.004 -23"><span class='ocrx_word' id='word_1_83' title='bbox 281 1349 528 1435; x_wconf 84' lang='lat' dir='ltr'><strong>praemittuntur</strong></span> <span class='ocrx_word' id='word_1_84' title='bbox 545 1349 689 1414; x_wconf 82' lang='lat' dir='ltr'><strong>Zosimus</strong></span> <span class='ocrx_word' id='word_1_85' title='bbox 706 1351 951 1431; x_wconf 82' lang='lat' dir='ltr'><strong>aLennclavio,</strong></span> <span class='ocrx_word' id='word_1_86' title='bbox 972 1351 1148 1435; x_wconf 79' lang='lat' dir='ltr'><strong>Procopius</strong></span> <span class='ocrx_word' id='word_1_87' title='bbox 1164 1373 1182 1411; x_wconf 91' lang='lat' dir='ltr'><strong>a</strong></span> <span class='ocrx_word' id='word_1_88' title='bbox 1199 1348 1362 1435; x_wconf 81' lang='lat' dir='ltr'><strong>Rspbaeie</strong></span> 
     </span>
    </p>
   </div>
   <div class='ocr_carea' id='block_1_3' title="bbox 152 1448 1363 1627">
    <p class='ocr_par' dir='ltr' id='par_1_3' title="bbox 152 1448 1363 1627">
     <span class='ocr_line' id='line_1_13' title="bbox 164 1448 1363 1533; baseline -0.007 -17"><span class='ocrx_word' id='word_1_89' title='bbox 164 1513 165 1516; x_wconf 74' lang='grc'>,</span> <span class='ocrx_word' id='word_1_90' title='bbox 281 1451 512 1526; x_wconf 85' lang='lat' dir='ltr'><strong>Volaterrano,</strong></span> <span class='ocrx_word' id='word_1_91' title='bbox 542 1453 747 1532; x_wconf 83' lang='lat' dir='ltr'><strong>Personaqae</strong></span> <span class='ocrx_word' id='word_1_92' title='bbox 763 1450 852 1533; x_wconf 87' lang='lat' dir='ltr'><strong>ipso,</strong></span> <span class='ocrx_word' id='word_1_93' title='bbox 880 1470 1009 1513; x_wconf 80' lang='lat' dir='ltr'><strong>versas:</strong></span> <span class='ocrx_word' id='word_1_94' title='bbox 1033 1449 1249 1514; x_wconf 82' lang='lat' dir='ltr'><strong>subiiciuntar</strong></span> <span class='ocrx_word' id='word_1_95' title='bbox 1267 1448 1363 1510; x_wconf 86' lang='lat' dir='ltr'><strong>ambo</strong></span> 
     </span>
     <span class='ocr_line' id='line_1_14' title="bbox 152 1547 1361 1627; baseline 0.004 -21"><span class='ocrx_word' id='word_1_96' title='bbox 152 1561 154 1564; x_wconf 76' lang='grc'>’</span> <span class='ocrx_word' id='word_1_97' title='bbox 281 1548 450 1611; x_wconf 81' lang='lat' dir='ltr'><strong>torrendis</strong></span> <span class='ocrx_word' id='word_1_98' title='bbox 466 1547 591 1627; x_wconf 86' lang='lat' dir='ltr'><strong>libelii,</strong></span> <span class='ocrx_word' id='word_1_99' title='bbox 619 1557 653 1612; x_wconf 89' lang='lat' dir='ltr'><strong>et</strong></span> <span class='ocrx_word' id='word_1_100' title='bbox 675 1548 860 1611; x_wconf 85' lang='lat' dir='ltr'><strong>Leonardos</strong></span> <span class='ocrx_word' id='word_1_101' title='bbox 879 1548 1033 1612; x_wconf 86' lang='lat' dir='ltr'><strong>Aretioas</strong></span> <span class='ocrx_word' id='word_1_102' title='bbox 1060 1549 1101 1613; x_wconf 83' lang='lat' dir='ltr'><strong>da</strong></span> <span class='ocrx_word' id='word_1_103' title='bbox 1125 1548 1213 1612; x_wconf 86' lang='lat' dir='ltr'><strong>bello</strong></span> <span class='ocrx_word' id='word_1_104' title='bbox 1236 1548 1361 1612; x_wconf 90' lang='lat' dir='ltr'><strong>Italico.</strong></span> 
     </span>
    </p>
   </div>
   <div class='ocr_carea' id='block_1_4' title="bbox 193 1646 1363 3312">
    <p class='ocr_par' dir='ltr' id='par_1_4' title="bbox 193 1646 1363 2615">
     <span class='ocr_line' id='line_1_15' title="bbox 193 1646 1363 1733; baseline -0.001 -25"><span class='ocrx_word' id='word_1_105' title='bbox 193 1713 198 1723; x_wconf 60' lang='grc'><em>,</em></span> <span class='ocrx_word' id='word_1_106' title='bbox 280 1647 376 1724; x_wconf 89' lang='lat' dir='ltr'><strong>Quod</strong></span> <span class='ocrx_word' id='word_1_107' title='bbox 394 1646 562 1710; x_wconf 86' lang='lat' dir='ltr'><strong>Fabricius</strong></span> <span class='ocrx_word' id='word_1_108' title='bbox 583 1647 616 1708; x_wconf 88' lang='lat' dir='ltr'><strong>in</strong></span> <span class='ocrx_word' id='word_1_109' title='bbox 634 1647 697 1710; x_wconf 83' lang='lat' dir='ltr'><strong>hae</strong></span> <span class='ocrx_word' id='word_1_110' title='bbox 723 1647 865 1711; x_wconf 87' lang='lat' dir='ltr'><strong>editione</strong></span> <span class='ocrx_word' id='word_1_111' title='bbox 880 1649 1060 1711; x_wconf 71' lang='lat' dir='ltr'><strong>versionem</strong></span> <span class='ocrx_word' id='word_1_112' title='bbox 1084 1647 1237 1733; x_wconf 76' lang='lat' dir='ltr'><strong>Agathino</strong></span> <span class='ocrx_word' id='word_1_113' title='bbox 1251 1669 1292 1710; x_wconf 83' lang='lat' dir='ltr'><strong>ex</strong></span> <span class='ocrx_word' id='word_1_114' title='bbox 1308 1665 1363 1708; x_wconf 88' lang='lat' dir='ltr'><strong>re-</strong></span> 
     </span>
     <span class='ocr_line' id='line_1_16' title="bbox 280 1744 1362 1828; baseline -0.005 -20"><span class='ocrx_word' id='word_1_115' title='bbox 280 1745 430 1808; x_wconf 88' lang='lat' dir='ltr'><strong>censione</strong></span> <span class='ocrx_word' id='word_1_116' title='bbox 458 1746 524 1810; x_wconf 83' lang='lat' dir='ltr'><strong>siva</strong></span> <span class='ocrx_word' id='word_1_117' title='bbox 542 1746 789 1828; x_wconf 84' lang='lat' dir='ltr'><strong>interpolatione</strong></span> <span class='ocrx_word' id='word_1_118' title='bbox 809 1748 856 1813; x_wconf 88' lang='lat' dir='ltr'><strong>lo.</strong></span> <span class='ocrx_word' id='word_1_119' title='bbox 874 1747 1069 1810; x_wconf 80' lang='lat' dir='ltr'><strong>Leunclavii‘</strong></span> <span class='ocrx_word' id='word_1_120' title='bbox 1086 1746 1196 1809; x_wconf 83' lang='lat' dir='ltr'><strong>haberi</strong></span> <span class='ocrx_word' id='word_1_121' title='bbox 1212 1746 1310 1822; x_wconf 85' lang='lat' dir='ltr'><strong>dicit,</strong></span> <span class='ocrx_word' id='word_1_122' title='bbox 1331 1744 1362 1804; x_wconf 82' lang='lat' dir='ltr'><strong>is</strong></span> 
     </span>
     <span class='ocr_line' id='line_1_17' title="bbox 280 1843 1360 1919; baseline -0.003 -13"><span class='ocrx_word' id='word_1_123' title='bbox 280 1863 370 1906; x_wconf 86' lang='lat' dir='ltr'><strong>error</strong></span> <span class='ocrx_word' id='word_1_124' title='bbox 388 1852 445 1906; x_wconf 89' lang='lat' dir='ltr'><strong>est.</strong></span> <span class='ocrx_word' id='word_1_125' title='bbox 487 1843 576 1908; x_wconf 83' lang='lat' dir='ltr'><strong>Nihil</strong></span> <span class='ocrx_word' id='word_1_126' title='bbox 604 1846 736 1906; x_wconf 85' lang='lat' dir='ltr'><strong>mutarit</strong></span> <span class='ocrx_word' id='word_1_127' title='bbox 753 1846 984 1919; x_wconf 59' lang='lat' dir='ltr'><strong>[seductoriam</strong></span> <span class='ocrx_word' id='word_1_128' title='bbox 1005 1855 1174 1908; x_wconf 84' lang='lat' dir='ltr'><strong>contentas</strong></span> <span class='ocrx_word' id='word_1_129' title='bbox 1192 1845 1272 1907; x_wconf 86' lang='lat' dir='ltr'><strong>iocis</strong></span> <span class='ocrx_word' id='word_1_130' title='bbox 1291 1863 1360 1904; x_wconf 92' lang='lat' dir='ltr'><strong>non</strong></span> 
     </span>
     <span class='ocr_line' id='line_1_18' title="bbox 278 1942 1359 2026; baseline 0 -24"><span class='ocrx_word' id='word_1_131' title='bbox 278 1942 360 2006; x_wconf 88' lang='lat' dir='ltr'><strong>adeo</strong></span> <span class='ocrx_word' id='word_1_132' title='bbox 382 1942 544 2024; x_wconf 29' lang='lat' dir='ltr'><strong>multislin</strong></span> <span class='ocrx_word' id='word_1_133' title='bbox 561 1945 703 2026; x_wconf 86' lang='lat' dir='ltr'><strong>margine</strong></span> <span class='ocrx_word' id='word_1_134' title='bbox 723 1945 956 2008; x_wconf 84' lang='lat' dir='ltr'><strong>correctionem</strong></span> <span class='ocrx_word' id='word_1_135' title='bbox 975 1944 1138 2007; x_wconf 79' lang='lat' dir='ltr'><strong>indicare:</strong></span> <span class='ocrx_word' id='word_1_136' title='bbox 1165 1943 1222 2006; x_wconf 85' lang='lat' dir='ltr'><strong>scd</strong></span> <span class='ocrx_word' id='word_1_137' title='bbox 1245 1959 1359 2024; x_wconf 82' lang='lat' dir='ltr'><strong>quam,</strong></span> 
     </span>
     <span class='ocr_line' id='line_1_19' title="bbox 277 2039 1358 2126; baseline 0.001 -26"><span class='ocrx_word' id='word_1_138' title='bbox 277 2039 367 2101; x_wconf 85' lang='lat' dir='ltr'><strong>finita</strong></span> <span class='ocrx_word' id='word_1_139' title='bbox 384 2039 612 2125; x_wconf 85' lang='lat' dir='ltr'><strong>impressione,</strong></span> <span class='ocrx_word' id='word_1_140' title='bbox 643 2043 903 2126; x_wconf 84' lang='lat' dir='ltr'><strong>Rehdigeranum</strong></span> <span class='ocrx_word' id='word_1_141' title='bbox 924 2043 1070 2106; x_wconf 84' lang='lat' dir='ltr'><strong>codicem</strong></span> <span class='ocrx_word' id='word_1_142' title='bbox 1090 2040 1246 2104; x_wconf 81' lang='lat' dir='ltr'><strong>utendam</strong></span> <span class='ocrx_word' id='word_1_143' title='bbox 1263 2061 1358 2102; x_wconf 91' lang='lat' dir='ltr'><strong>aoce-</strong></span> 
     </span>
     <span class='ocr_line' id='line_1_20' title="bbox 275 2127 1358 2226; baseline 0 -28"><span class='ocrx_word' id='word_1_144' title='bbox 275 2139 390 2224; x_wconf 84' lang='lat' dir='ltr'><strong>pisset,</strong></span> <span class='ocrx_word' id='word_1_145' title='bbox 430 2161 466 2201; x_wconf 87' lang='lat' dir='ltr'><strong>ea</strong></span> <span class='ocrx_word' id='word_1_146' title='bbox 480 2127 574 2223; x_wconf 53' lang='lat' dir='ltr'><strong>¹qnae</strong></span> <span class='ocrx_word' id='word_1_147' title='bbox 595 2140 770 2224; x_wconf 84' lang='lat' dir='ltr'><strong>interpres,</strong></span> <span class='ocrx_word' id='word_1_148' title='bbox 806 2141 873 2204; x_wconf 82' lang='lat' dir='ltr'><strong>sive</strong></span> <span class='ocrx_word' id='word_1_149' title='bbox 894 2150 1027 2226; x_wconf 84' lang='lat' dir='ltr'><strong>propter</strong></span> <span class='ocrx_word' id='word_1_150' title='bbox 1047 2140 1169 2204; x_wconf 83' lang='lat' dir='ltr'><strong>codicis</strong></span> <span class='ocrx_word' id='word_1_151' title='bbox 1193 2137 1358 2202; x_wconf 82' lang='lat' dir='ltr'><strong>deiectam</strong></span> 
     </span>
     <span class='ocr_line' id='line_1_21' title="bbox 278 2236 1356 2322; baseline -0.002 -23"><span class='ocrx_word' id='word_1_152' title='bbox 278 2236 344 2299; x_wconf 82' lang='lat' dir='ltr'><strong>sive</strong></span> <span class='ocrx_word' id='word_1_153' title='bbox 371 2236 411 2299; x_wconf 90' lang='lat' dir='ltr'><strong>ob</strong></span> <span class='ocrx_word' id='word_1_154' title='bbox 438 2237 515 2302; x_wconf 87' lang='lat' dir='ltr'><strong>aiios</strong></span> <span class='ocrx_word' id='word_1_155' title='bbox 539 2239 741 2322; x_wconf 87' lang='lat' dir='ltr'><strong>nescioquas</strong></span> <span class='ocrx_word' id='word_1_156' title='bbox 766 2239 916 2318; x_wconf 85' lang='lat' dir='ltr'><strong>rationes,</strong></span> <span class='ocrx_word' id='word_1_157' title='bbox 941 2239 1107 2321; x_wconf 87' lang='lat' dir='ltr'><strong>omiserat,</strong></span> <span class='ocrx_word' id='word_1_158' title='bbox 1139 2239 1252 2302; x_wconf 70' lang='lat' dir='ltr'><strong>vertite</strong></span> <span class='ocrx_word' id='word_1_159' title='bbox 1288 2257 1356 2297; x_wconf 89' lang='lat' dir='ltr'><strong>non</strong></span> 
     </span>
     <span class='ocr_line' id='line_1_22' title="bbox 276 2334 1357 2420; baseline -0.001 -24"><span class='ocrx_word' id='word_1_160' title='bbox 276 2334 483 2420; x_wconf 69' lang='lat' dir='ltr'><strong>paucis&#39;locis</strong></span> <span class='ocrx_word' id='word_1_161' title='bbox 504 2338 600 2420; x_wconf 85' lang='lat' dir='ltr'><strong>plane</strong></span> <span class='ocrx_word' id='word_1_162' title='bbox 623 2339 768 2401; x_wconf 85' lang='lat' dir='ltr'><strong>insanam</strong></span> <span class='ocrx_word' id='word_1_163' title='bbox 790 2339 969 2400; x_wconf 80' lang='lat' dir='ltr'><strong>versionem</strong></span> <span class='ocrx_word' id='word_1_164' title='bbox 990 2338 1124 2401; x_wconf 88' lang='lat' dir='ltr'><strong>meliore</strong></span> <span class='ocrx_word' id='word_1_165' title='bbox 1146 2335 1296 2402; x_wconf 78' lang='lat' dir='ltr'><strong>metavit:</strong></span> <span class='ocrx_word' id='word_1_166' title='bbox 1317 2355 1357 2396; x_wconf 87' lang='lat' dir='ltr'><strong>ea</strong></span> 
     </span>
     <span class='ocr_line' id='line_1_23' title="bbox 277 2434 1357 2521; baseline 0.002 -25"><span class='ocrx_word' id='word_1_167' title='bbox 277 2434 384 2496; x_wconf 89' lang='lat' dir='ltr'><strong>omnia</strong></span> <span class='ocrx_word' id='word_1_168' title='bbox 404 2435 463 2497; x_wconf 87' lang='lat' dir='ltr'><strong>snb</strong></span> <span class='ocrx_word' id='word_1_169' title='bbox 485 2437 582 2497; x_wconf 88' lang='lat' dir='ltr'><strong>finem</strong></span> <span class='ocrx_word' id='word_1_170' title='bbox 606 2434 814 2519; x_wconf 85' lang='lat' dir='ltr'><strong>praefationis</strong></span> <span class='ocrx_word' id='word_1_171' title='bbox 830 2435 968 2498; x_wconf 84' lang='lat' dir='ltr'><strong>collecta</strong></span> <span class='ocrx_word' id='word_1_172' title='bbox 985 2436 1168 2521; x_wconf 76' lang='lat' dir='ltr'><strong>proposuits</strong></span> <span class='ocrx_word' id='word_1_173' title='bbox 1187 2435 1357 2518; x_wconf 68' lang='lat' dir='ltr'><strong>Agathan·</strong></span> 
     </span>
     <span class='ocr_line' id='line_1_24' title="bbox 276 2531 686 2615; baseline 0.01 -24"><span class='ocrx_word' id='word_1_174' title='bbox 276 2531 498 2614; x_wconf 80' lang='lat' dir='ltr'><strong>interpolatam</strong></span> <span class='ocrx_word' id='word_1_175' title='bbox 514 2531 686 2615; x_wconf 87' lang='lat' dir='ltr'><strong>inscripsit.</strong></span> 
     </span>
    </p>

    <p class='ocr_par' dir='ltr' id='par_1_5' title="bbox 208 2628 1357 3184">
     <span class='ocr_line' id='line_1_25' title="bbox 359 2628 1356 2715; baseline 0.005 -26"><span class='ocrx_word' id='word_1_176' title='bbox 359 2628 485 2690; x_wconf 86' lang='lat' dir='ltr'><strong>Bellum</strong></span> <span class='ocrx_word' id='word_1_177' title='bbox 502 2629 659 2709; x_wconf 88' lang='lat' dir='ltr'><strong>Butilini,</strong></span> <span class='ocrx_word' id='word_1_178' title='bbox 689 2632 830 2714; x_wconf 85' lang='lat' dir='ltr'><strong>primam</strong></span> <span class='ocrx_word' id='word_1_179' title='bbox 850 2629 970 2694; x_wconf 80' lang='lat' dir='ltr'><strong>librum</strong></span> <span class='ocrx_word' id='word_1_180' title='bbox 991 2632 1167 2715; x_wconf 85' lang='lat' dir='ltr'><strong>Agathiae,</strong></span> <span class='ocrx_word' id='word_1_181' title='bbox 1200 2631 1356 2696; x_wconf 86' lang='lat' dir='ltr'><strong>secundi-</strong></span> 
     </span>
     <span class='ocr_line' id='line_1_26' title="bbox 208 2727 1355 2812; baseline 0.006 -25"><span class='ocrx_word' id='word_1_182' title='bbox 208 2763 210 2774; x_wconf 60' lang='grc' dir='ltr'>ι</span> <span class='ocrx_word' id='word_1_183' title='bbox 274 2747 338 2809; x_wconf 88' lang='lat' dir='ltr'><strong>qne</strong></span> <span class='ocrx_word' id='word_1_184' title='bbox 357 2727 503 2803; x_wconf 88' lang='lat' dir='ltr'><strong>initiam,</strong></span> <span class='ocrx_word' id='word_1_185' title='bbox 531 2749 664 2812; x_wconf 85' lang='lat' dir='ltr'><strong>magnus</strong></span> <span class='ocrx_word' id='word_1_186' title='bbox 681 2729 814 2793; x_wconf 84' lang='lat' dir='ltr'><strong>Grotius</strong></span> <span class='ocrx_word' id='word_1_187' title='bbox 836 2731 934 2793; x_wconf 80' lang='lat' dir='ltr'><strong>vertit</strong></span> <span class='ocrx_word' id='word_1_188' title='bbox 955 2731 989 2792; x_wconf 89' lang='lat' dir='ltr'><strong>in</strong></span> <span class='ocrx_word' id='word_1_189' title='bbox 1008 2731 1147 2796; x_wconf 83' lang='lat' dir='ltr'><strong>Historia</strong></span> <span class='ocrx_word' id='word_1_190' title='bbox 1161 2732 1355 2811; x_wconf 86' lang='lat' dir='ltr'><strong>Gothorum,</strong></span> 
     </span>
     <span class='ocr_line' id='line_1_27' title="bbox 274 2818 1355 2911; baseline 0.004 -23"><span class='ocrx_word' id='word_1_191' title='bbox 274 2825 494 2888; x_wconf 78' lang='lat' dir='ltr'><strong>vandalorum</strong></span> <span class='ocrx_word' id='word_1_192' title='bbox 521 2835 553 2890; x_wconf 87' lang='lat' dir='ltr'><strong>et</strong></span> <span class='ocrx_word' id='word_1_193' title='bbox 575 2818 876 2911; x_wconf 85' lang='lat' dir='ltr'><strong>Longobardoram,</strong></span> <span class='ocrx_word' id='word_1_194' title='bbox 903 2831 1078 2894; x_wconf 86' lang='lat' dir='ltr'><strong>Amstelod.</strong></span> <span class='ocrx_word' id='word_1_195' title='bbox 1097 2831 1185 2898; x_wconf 78' lang='lat'><strong>1655.</strong></span> <span class='ocrx_word' id='word_1_196' title='bbox 1204 2831 1252 2894; x_wconf 62' lang='lat' dir='ltr'><strong>A:</strong></span> <span class='ocrx_word' id='word_1_197' title='bbox 1280 2849 1355 2892; x_wconf 85' lang='lat' dir='ltr'><strong>eam</strong></span> 
     </span>
     <span class='ocr_line' id='line_1_28' title="bbox 273 2921 1357 3014; baseline 0.007 -29"><span class='ocrx_word' id='word_1_198' title='bbox 273 2921 455 2986; x_wconf 76' lang='lat' dir='ltr'><strong>versionem</strong></span> <span class='ocrx_word' id='word_1_199' title='bbox 477 2923 549 2988; x_wconf 84' lang='lat' dir='ltr'><strong>loco</strong></span> <span class='ocrx_word' id='word_1_200' title='bbox 564 2925 786 2990; x_wconf 84' lang='lat' dir='ltr'><strong>Vulcanisnae</strong></span> <span class='ocrx_word' id='word_1_201' title='bbox 811 2949 876 2990; x_wconf 91' lang='lat' dir='ltr'><strong>aon</strong></span> <span class='ocrx_word' id='word_1_202' title='bbox 899 2930 1055 3012; x_wconf 84' lang='lat' dir='ltr'><strong>posuisse,</strong></span> <span class='ocrx_word' id='word_1_203' title='bbox 1076 2939 1236 3014; x_wconf 78' lang='lat' dir='ltr'><strong>qnatenus</strong></span> <span class='ocrx_word' id='word_1_204' title='bbox 1253 2938 1357 3014; x_wconf 83' lang='lat' dir='ltr'><strong>patet,</strong></span> 
     </span>
     <span class='ocr_line' id='line_1_29' title="bbox 271 3017 1355 3114; baseline 0.014 -34"><span class='ocrx_word' id='word_1_205' title='bbox 271 3017 350 3084; x_wconf 86' lang='lat' dir='ltr'><strong>licet</strong></span> <span class='ocrx_word' id='word_1_206' title='bbox 369 3022 487 3087; x_wconf 88' lang='lat' dir='ltr'><strong>deinde</strong></span> <span class='ocrx_word' id='word_1_207' title='bbox 510 3023 550 3086; x_wconf 86' lang='lat' dir='ltr'><strong>ad</strong></span> <span class='ocrx_word' id='word_1_208' title='bbox 568 3025 712 3108; x_wconf 86' lang='lat' dir='ltr'><strong>peiorem</strong></span> <span class='ocrx_word' id='word_1_209' title='bbox 731 3026 941 3091; x_wconf 83' lang='lat' dir='ltr'><strong>redeundum</strong></span> <span class='ocrx_word' id='word_1_210' title='bbox 955 3028 1083 3112; x_wconf 82' lang='lat' dir='ltr'><strong>fuisset,</strong></span> <span class='ocrx_word' id='word_1_211' title='bbox 1104 3029 1188 3094; x_wconf 86' lang='lat' dir='ltr'><strong>male</strong></span> <span class='ocrx_word' id='word_1_212' title='bbox 1203 3049 1255 3093; x_wconf 88' lang='lat' dir='ltr'><strong>me</strong></span> <span class='ocrx_word' id='word_1_213' title='bbox 1270 3049 1355 3114; x_wconf 79' lang='lat' dir='ltr'><strong>poa-</strong></span> 
     </span>
     <span class='ocr_line' id='line_1_30' title="bbox 270 3119 361 3184; baseline 0.022 -2"><span class='ocrx_word' id='word_1_214' title='bbox 270 3119 361 3184; x_wconf 82' lang='lat' dir='ltr'><strong>nitet.</strong></span> 
     </span>
    </p>

    <p class='ocr_par' dir='ltr' id='par_1_6' title="bbox 351 3219 1354 3312">
     <span class='ocr_line' id='line_1_31' title="bbox 351 3219 1354 3312; baseline 0.01 -30"><span class='ocrx_word' id='word_1_215' title='bbox 351 3219 438 3284; x_wconf 87' lang='lat' dir='ltr'><strong>Haeo</strong></span> <span class='ocrx_word' id='word_1_216' title='bbox 456 3221 620 3287; x_wconf 85' lang='lat' dir='ltr'><strong>hactenus.</strong></span> <span class='ocrx_word' id='word_1_217' title='bbox 646 3225 728 3288; x_wconf 82' lang='lat' dir='ltr'><strong>Nam</strong></span> <span class='ocrx_word' id='word_1_218' title='bbox 742 3224 987 3311; x_wconf 87' lang='lat' dir='ltr'><strong>deAntboiogia</strong></span> <span class='ocrx_word' id='word_1_219' title='bbox 1004 3225 1159 3312; x_wconf 75' lang='lat' dir='ltr'><strong>Agathino</strong></span> <span class='ocrx_word' id='word_1_220' title='bbox 1181 3226 1354 3311; x_wconf 77' lang='lat' dir='ltr'><strong>disserere,</strong></span> 
     </span>
    </p>
   </div>
   <div class='ocr_carea' id='block_1_5' title="bbox 149 3314 1286 3422">
    <p class='ocr_par' dir='ltr' id='par_1_7' title="bbox 149 3314 1286 3422">
     <span class='ocr_line' id='line_1_32' title="bbox 149 3314 1286 3422; baseline 0.019 -48"><span class='ocrx_word' id='word_1_221' title='bbox 149 3411 153 3418; x_wconf 19' lang='grc' dir='ltr'>ι</span> <span class='ocrx_word' id='word_1_222' title='bbox 269 3314 309 3377; x_wconf 84' lang='lat' dir='ltr'><strong>ab</strong></span> <span class='ocrx_word' id='word_1_223' title='bbox 331 3317 395 3382; x_wconf 90' lang='lat' dir='ltr'><strong>hoc</strong></span> <span class='ocrx_word' id='word_1_224' title='bbox 417 3318 490 3385; x_wconf 86' lang='lat' dir='ltr'><strong>loco</strong></span> <span class='ocrx_word' id='word_1_225' title='bbox 511 3323 658 3408; x_wconf 87' lang='lat' dir='ltr'><strong>meisque</strong></span> <span class='ocrx_word' id='word_1_226' title='bbox 681 3323 861 3391; x_wconf 83' lang='lat' dir='ltr'><strong>rationibus</strong></span> <span class='ocrx_word' id='word_1_227' title='bbox 880 3324 1016 3392; x_wconf 78' lang='lat' dir='ltr'><strong>maxime</strong></span> <span class='ocrx_word' id='word_1_228' title='bbox 1030 3327 1119 3422; x_wconf 75' lang='lat' dir='ltr'><strong>foret</strong></span> <span class='ocrx_word' id='word_1_229' title='bbox 1134 3324 1286 3395; x_wconf 73' lang='lat' dir='ltr'><strong>alienum.</strong></span> 
     </span>
    </p>
   </div>
   <div class='ocr_carea' id='block_1_6' title="bbox 0 0 1454 4792">
    <p class='ocr_par' dir='ltr' id='par_1_8' title="bbox 0 0 1454 4792">
     <span class='ocr_line' id='line_1_33' title="bbox 0 0 1454 4792; baseline 0 8"><span class='ocrx_word' id='word_1_230' title='bbox 0 0 1454 4792; x_wconf 95' lang='lat' dir='ltr'><strong> </strong></span> 
     </span>
    </p>
   </div>
  </div>
 </body>
</html>
