2900 4792
374 297 657 368 msnomunuu
685 303 725 366 u.
744 307 798 374 ια
1077 299 1155 384 ¹07

78 456 231 532 ἐναντίοις
249 457 306 522 ἐπὶ
322 457 363 542 τῇ
377 457 439 520 τάν
460 452 581 522 οἰκείαν
599 453 770 544 προδοσίᾳ,
791 449 846 518 καὶ
864 451 967 538 λάθρα
982 451 1101 534 ἐξάγειν
1121 451 1235 524 τάλα,
1247 467 1298 536 554

78 552 253 641 άπόρῥητα,
274 547 416 620 ούτοιδέ
435 551 471 620 τό
494 559 554 637 μὲν
577 555 705 640 ἀτρεκὲς
720 554 777 619 ούκ
786 553 980 636 ἐγίγνωσκον·
1002 551 1156 640 (άσφαλέ-
1167 541 1258 598 ¹·1·²⁸

78 677 176 718 στατα
197 650 308 740 γάρτό
325 654 485 736 βούλευμα
501 652 688 739 ἐκρύπτετο,
709 655 765 717 καί
785 652 859 715 ούδέ
877 653 909 726 ἐς
928 648 1067 727 ἅπαντας
1083 647 1157 726 τούς

77 751 250 837 φιλτάτους
262 755 427 840 ἐξέπιπτε)
448 752 554 835 μόνοις
567 755 603 818 δὲ
617 763 682 828 τοῖς
695 755 730 818 ἐν
749 755 792 842 τῷ
806 749 903 839 όμίλιρ
922 751 1157 834 περιαγομένδις

59 853 306 936 ςέξηπατημένυι
329 863 395 928 τοῖς
411 853 585 934 Ῥωμαίοις
602 851 792 936 διήγγελλον.
826 847 855 914 οῖ
881 853 915 914 δὲ
936 848 1051 937 ῥᾳδίοις
1073 845 1158 912 ἐπεί-

72 956 186 1033 θοντο,
208 951 249 1014 σύ
271 955 432 1035 τοσούτου,
447 947 545 1034 οἶμαι,
568 951 767 1042 τῇάγγελίρ,
790 947 904 1016 όπόσον
922 951 965 1038 τῷ
980 947 1157 1036 βουλομένῳ

73 1053 130 1135 τῆς
148 1045 288 1134 ννῶνης·

158 1147 198 1214 κ’.
241 1148 352 1226 Εύθύς
370 1147 409 1234 δὴ
428 1141 484 1215 σύν
496 1147 533 1214 τό
549 1151 676 1236 ἐνεργόν
694 1173 729 1215 τε
747 1145 805 1214 καί
821 1145 966 1213 σύντονον
988 1146 1043 1230 τῆς
1059 1166 1159 1232 φρον-

74 1247 162 1324 τίδος
190 1247 433 1332 ύποχαλῶντες,
461 1248 566 1313 ούκέτι
590 1243 802 1334 λάιν’άκριβῆ
826 1241 881 1333 τόν
905 1241 1049 1330 φυλακὴν
1073 1244 1190 1312 ἐσσι-0

46 1349 181 1420 mrim.
202 1345 308 1430 δλίγαι
324 1370 359 1413 τε
381 1348 609 1436 παριρχὴκεσαν
628 1347 766 1433 ἡμέραι,
795 1348 850 1411 καί
874 1342 1099 1429 ύΜερμερόης
1118 1340 1162 1417 ιύς

74 1443 113 1530 δν)
125 1443 287 1530 τεθνηκώς
305 1445 519 1530 ἀπηγγέλλετο.
541 1443 673 1534 ἔκρυπτε
685 1443 747 1533 γάρ
765 1440 877 1510 ἑαυτόν
893 1439 925 1519 ἐς
941 1465 972 1507 τι
991 1439 1160 1523 δωμάτιον,

78 1545 124 1620 τός
138 1543 198 1608 καί
205 1541 293 1628 παρά
305 1551 371 1619 τοῖς
384 1545 584 1620 οἰκειοτάτοις
601 1541 694 1630 τήνδε
705 1545 829 1629 νικῆσαι
847 1538 905 1627 τὴν
921 1536 1023 1620 δόξαν.
1037 1536 1109 1603 τότε
1121 1537 1160 1624 δν)

75 1637 135 1708 σύν
152 1640 213 1708 καί
230 1645 350 1723 μάλλον
370 1651 436 1720 τοῖς
449 1644 624 1725 Ῥωμαίοις
645 1639 792 1729 περιττόν
812 1666 843 1708 τι
867 1636 970 1708 ἐδόκει
992 1633 1162 1725 ἀγρυπνεῖν

72 1765 108 1806 τε
131 1739 191 1805 και*
213 1737 346 1804 ἐπιπολύ
364 1742 595 1807 διαπονεῖσθαι.
616 1740 672 1806 καί
692 1740 799 1806 τοίνυν
822 1741 970 1824 μεθέντες
990 1735 1048 1813 τάς
1072 1760 1162 1822 περι-

45 1836 213 1926 ι5φράξεις
229 1837 286 1903 καί
297 1835 397 1924 τόνέν
408 1839 529 1916 τούτοις
545 1836 739 1926 άπεργασίαν
748 1891 758 1925 ,
779 1839 813 1916 ἐς
832 1837 867 1904 τό
888 1833 1051 1920 άνειμένον
1068 1835 1162 1918 μετέ-

73 1944 211 2022 βαλλον,
239 1934 413 2020 παννύχιόν
439 1962 475 2004 τε
493 1937 700 2016 καθεύδοντες
728 1937 786 2003 καί
811 1939 844 2014 ἐς
863 1934 920 2012 τάς
938 1933 1084 2010 ἐπαύλεις
1099 1935 1164 1998 τῶν

75 2039 185 2121 άγρῶν
216 2035 436 2120 διαιτυόμενοι,
467 2035 522 2102 καί
548 2031 619 2103 ούτε
646 2034 862 2113 κατασκόπους
891 2031 1051 2117 ἔστελλον,
1088 2024 1163 2098 ούτε

75 2128 154 2200 άλλο
167 2159 202 2201 τε
219 2133 377 2220 ἔπρασσον
391 2139 454 2202 τῶν
469 2125 611 2204 δεόντων.
632 2129 734 2226 niorto
752 2133 811 2222 γάρ
833 2131 876 2211 πός
893 2133 951 2197 ούκ
973 2125 1013 2198 ἄν
1034 2153 1108 2196 ποτε
1132 2129 1163 2196 οἱ

75 2235 227 2320 Πέρσαι,
249 2228 477 2319 άστρατήγιγτοι
504 2237 601 2320 δῆθεν
628 2232 804 2320 γεγονότες,
825 2233 875 2298 ἐπ’
897 2229 1015 2307 αύτούς
1038 2225 1191 2315 ἥξουσι,])

40 2335 196 2411 „aetem
207 2333 268 2411 μὲν
279 2322 338 2394 ούν
353 2332 408 2397 καέ
421 2331 466 2409 ιύς
475 2331 668 2419 πορρωτάτω
687 2335 886 2420 φευξούνται.
904 2334 1006 2396 ταῦτα
1023 2332 1059 2395 δὲ
1070 2326 1163 2414 γνούς

77 2429 97 2493 ύ
126 2426 327 2515 Μερμερόης
354 2430 566 2495 άνακαλύπτει
589 2431 777 2508 ἐξαπιναίως
801 2426 855 2496 τόν
888 2425 982 2496 δόλον
1011 2427 1067 2494 καί
1094 2431 1165 2495 ἐπι-

68 2530 229 2618 -φαίνεται
251 2539 317 2604 τοῖς
331 2532 476 2617 Πέρσαις
499 2530 610 2608 όποΐος
636 2529 692 2597 κατ’
712 2531 884 2618 πρότερον,
916 2531 971 2594 καί
985 2523 1101 2608 εύθύς,
1119 2525 1164 2602 τός

147 2657 174 2692 a.
193 2635 225 2690 δὲ
246 2655 300 2696 om.
322 2641 351 2692 R.
459 2659 498 2696 ιι.
517 2640 546 2701 ἐς
562 2659 591 2694 τι
610 2638 757 2715 δωμάτιον
773 2643 802 2698 Β.
821 2646 851 2696 ελ
863 2641 948 2712 lutpn
967 2639 999 2693 ἰπ
1019 2635 1162 2692 domicilio

148 2707 281 2782 ιγιιοάαιπ,
299 2709 347 2762 ἐπὶ
365 2707 434 2782 διομ.
452 2713 524 2782 vulg.

77 2803 126 2856 diu
146 2802 370 2870 supervicturum.
405 2806 485 2858 Porro
501 2806 542 2858 rei
561 2806 647 2874 ipaiua
659 2808 759 2858 verita·
775 2821 836 2871 eos,
854 2807 902 2878 qui
919 2821 1014 2874 operae
1032 2821 1094 2858 tuae
1110 2801 1164 2856 bo-

75 2875 167 2926 atibua
192 2874 283 2926 locant
304 2875 419 2927 concilia
441 2875 709 2946 auorum‘prodendo
728 2886 756 2928 et
772 2892 869 2928 arcana
886 2876 1036 2928 clanculum
1055 2876 1163 2944 patefa-
1210 2873 1212 2881 ’

77 2944 194 3004 ciendo,
211 2944 322 2998 latebat·
357 2945 563 3000 accuratissime
581 2947 655 2998 enim
672 2947 817 2998 consilium
836 2946 985 3008 celabatur,
1004 2953 1032 2998 et
1049 2962 1084 2997 ne
1102 2962 1163 2996 cum

76 3014 251 3066 amiciuimia
273 3014 385 3086 quidem
408 3016 670 3084 communicabatur3
689 3016 758 3069 coiit¹
777 3033 840 3070 vero
859 3016 1024 3078 rumoribus,
1043 3017 1092 3085 qui
1111 3030 1165 3084 per

75 3083 287 3136 multitudinem
303 3086 574 3151 circumferebantur,
594 3086 710 3158 decepti,
729 3086 758 3138 id
776 3087 903 3138 Romania
923 3088 1094 3152 nuntiaruut;
1112 3077 1173 3156 qui'

76 3155 193 3226 quidem
210 3155 291 3207 facile
310 3165 375 3208 aunt
390 3160 526 3224 perauari,
544 3174 599 3210 non
622 3167 688 3222 tam,
711 3159 837 3222 arbitror,
854 3156 970 3220 nuntio,
987 3171 1068 3227 quam
1086 3153 1163 3228 quod

76 3225 107 3277 id
123 3225 244 3276 maxime
262 3234 333 3279 eteet
351 3241 384 3278 ex
402 3229 521 3298 ipccrum
539 3230 623 3281 animi
641 3230 785 3282 sententia.
1158 3244 1163 3253 ·

146 3313 192 3348 ao.
217 3295 317 3348 Statim
333 3295 427 3368 itaque
442 3307 595 3351 accuratam
613 3299 690 3351 iilam
706 3301 919 3370 continuumque
936 3311 1026 3348 euram
1038 3296 1163 3349 laxantes

77 3381 110 3417 ac
128 3365 315 3430 remittentes,
332 3367 439 3436 segnius
458 3369 593 3422 custodiae
611 3369 734 3440 agebant
771 3370 864 3421 Paucis
888 3377 950 3435 poet
973 3367 1069 3419 diebus
1088 3367 1161 3420 Mer-

76 3451 185 3488 meroe·
203 3436 287 3488 etiam
305 3448 418 3490 mortem
436 3439 538 3494 obiisse
556 3441 707 3494 nuntiatur.
745 3437 895 3491 Occuiebat
913 3439 985 3489 enim
1006 3454 1035 3489 ae
1053 3439 1112 3508 ipae
1130 3439 1162 3491 in

77 3505 200 3578 quadani
220 3506 402 3570 domuncula,
418 3509 487 3564 adeo
505 3517 538 3562 ut
555 3511 638 3562 etiam
656 3509 728 3579 apud
748 3511 860 3562 intimos
882 3524 992 3561 ruerunt
1014 3507 1163 3560 familiari-

77 3593 124 3628 um
142 3593 176 3627 ca
193 3577 288 3644 opinio
305 3579 432 3639 valuerit.
466 3581 536 3632 Tum
555 3597 619 3633 vero
639 3589 667 3633 et
690 3579 802 3653 quidem
826 3581 909 3650 magia
936 3593 1162 3648 supervacaneum

76 3649 167 3698 risum
185 3655 228 3698 eat
244 3648 372 3700 Romanii
390 3649 519 3721 vigilare,
542 3665 769 3718 supervacaneum
794 3649 918 3720 ingentes
942 3649 1049 3702 laborer
1075 3651 1162 3702 suaci-

75 3731 150 3786 pere.
188 3717 324 3802 Quocirca
349 3721 453 3772 omitti·
472 3721 528 3772 iliia
554 3719 787 3774 obstructionibua
813 3720 941 3772 itinerum
967 3719 1162 3786 celabantur,

77 3803 147 3858 quoa
164 3785 232 3840 burc
250 3789 327 3856 operi
347 3789 556 3860 impendebant,
577 3792 611 3843 ad
630 3792 768 3844 remissius
786 3789 895 3842 vivendi
918 3805 1001 3859 genua
1026 3800 1090 3844 aunt
1116 3790 1161 3843 di-

76 3857 163 3927 lapsi,
181 3858 285 3910 ιοΙίιΙιιι
304 3869 397 3912 noete·
415 3862 592 3926 domicum,
611 3863 641 3914 in
656 3863 731 3914 villis
750 3860 924 3932 praediisque
943 3860 1085 3932 degentes,
1109 3877 1162 3914 ne-

77 3945 130 3999 que
147 3931 335 4000 speculatore·
353 3931 527 3995 emittebant,
544 3949 596 3984 nec
613 3935 757 4003 quicquam
777 3947 878 3994 eorum,
896 3933 1012 4002 quaein
1037 3949 1094 3985 rem
1116 3933 1165 4001 ip-

77 4015 165 4051 aarum
193 4007 288 4053 ment
313 3999 436 4070 agebant.
479 4003 681 4056 Persuadebant
703 4003 777 4054 enim
804 4001 873 4065 eibi,
896 4001 988 4054 Pereat
1012 4001 1081 4055 duce
1107 4005 1163 4056 eive

75 4071 215 4138 praefecto
242 4069 364 4134 orbator,
380 4090 556 4145 nequaquam
578 4076 608 4125 in
630 4089 659 4127 ια
677 4075 763 4126 ituros
772 4109 781 4134 ,
828 4073 875 4124 uin
891 4073 982 4140 potius
1001 4091 1082 4146 quam
1100 4074 1164 4126 ion-

76 4142 183 4208 gitsime
209 4141 355 4210 fugituros.
399 4141 472 4196 Haec
495 4161 559 4196 vero
584 4144 634 4198 ubi
665 4145 791 4214 coguovit
846 4157 996 4206 ermcroee,
1020 4143 1165 4196 confertim

77 4211 167 4268 delun
187 4213 307 4282 deurit,
324 4213 449 4269 aePerrir
466 4213 550 4268 talen
560 4231 601 4282 ιε,
621 4215 709 4287 quali·
722 4221 804 4268 antea
817 4213 916 4278 inerat,
928 4211 1069 4270 uiuendum
1084 4229 1164 4284 prae·
