2900 4792
515 213 725 282 anamma
1082 224 1163 287 xvn

88 363 127 428 sit
142 365 178 428 ln
195 363 295 430 laulrss
306 365 487 451 scriptoris,
505 390 572 452 quo
591 370 678 434 edito
692 371 901 456 permagnum
915 383 1001 448 certe
1016 377 1102 462 capit
1117 378 1164 445 hl·

85 464 182 526 storia
197 461 448 546 incrementum,
468 487 614 532 sermone
627 470 826 552 exquirendo
842 472 1047 555 splendidum
1058 476 1165 560 philon

84 562 190 646 logias
207 563 555 647 documentomedere,
570 567 856 646 idlacundissimos
871 593 1015 656 quosque
1029 575 1162 654 uuicos,

83 661 192 744 siquis
206 663 250 726 nd
268 683 377 726 manes
392 663 432 730 de
447 666 539 730 lactis
561 667 675 730 nostris
687 689 803 736 rumor.
812 679 932 750 manat,
940 691 1004 733 non
1022 671 1091 734 sine
1110 673 1160 734 in·

82 758 166 820 ridie
189 764 280 824 farre
308 760 466 834 existimo.
514 765 620 828 Hodie
642 766 793 850 Agathias
816 767 872 831 rix
905 770 1054 852 cuiquam
1079 772 1163 833 ultra

82 858 340 922 mediocritatem
354 881 518 946 assurgere
531 862 707 934 ridebitur:
739 865 819 960 licet
829 867 868 932 G.
881 863 909 932 Ι.
920 865 1063 946 Vossius,
1074 866 1162 932 haud

81 957 162 1021 levis
182 958 381 1024 auctoritatis
410 960 476 1038 vir,
503 969 625 1024 tersum
644 963 714 1026 eina
740 974 836 1047 atque
859 963 1009 1027 floridum
1030 965 1162 1040 dicendi

81 1077 182 1136 genus
203 1057 377 1140 praedicet.
422 1059 517 1123 Certe
534 1059 602 1144 ipse
614 1081 717 1124 sermo
728 1083 861 1146 graecus
878 1085 895 1124 a
911 1063 1061 1148 puritate,
1078 1084 1162 1148 quae

82 1169 186 1218 umen
199 1156 335 1232 minima
348 1156 417 1218 laus
433 1167 525 1236 esset,
540 1159 635 1243 longe
649 1159 755 1234 obest3
777 1182 824 1239 ac,
845 1182 885 1224 os
898 1182 916 1223 a
930 1161 1016 1227 vitiis
1029 1161 1162 1247 quidem

81 1253 298 1338 grammaticis
319 1254 486 1334 immunis,
514 1255 599 1319 haud
619 1277 692 1319 raro
718 1258 886 1344 degeneris
907 1259 1058 1342 loquelae
1084 1269 1162 1322 uota

80 1351 246 1416 foedatur:
274 1362 343 1416 tum
360 1375 437 1417 sero
457 1353 597 1418 admixta
616 1355 844 1438 dialectorum',
867 1355 992 1421 ionicae
1014 1377 1161 1441 praeser-

80 1451 157 1531 tim,
179 1452 412 1536 epicorumque
433 1453 604 1518 verborum
631 1455 805 1536 varietate,
834 1455 902 1520 sire
927 1457 1069 1540 quaesita
1089 1458 1159 1521 sire

80 1550 304 1634 imprudenter
323 1549 498 1634 assumpta,
517 1550 699 1636 saepissime
719 1551 863 1621 offendit.
912 1557 1003 1634 Quae
1025 1561 1062 1616 ut
1080 1576 1160 1640 eop-

1171 741 1181 782 t

79 1649 249 1734 donareris
277 1647 348 1712 aeri
369 1648 570 1730 infelicitati,
594 1650 851 1734 praecipuaeque
869 1651 1051 1715 difficultati
1077 1652 1161 1715 scri-

77 1747 175 1810 bendi
196 1745 307 1832 lingua
324 1747 513 1822 emoriente,
531 1755 707 1832 'antequem
720 1749 889 1818 adulterit
903 1761 998 1835 atque
1016 1773 1033 1814 e
1050 1749 1160 1814 matris

79 1845 242 1908 consortio
262 1843 374 1906 exierit
384 1845 533 1930 vulgaris,
551 1867 616 1930 qua
630 1847 692 1909 iam
703 1847 850 1930 quotidie
865 1857 1018 1921 utuntur;
1038 1857 1157 1926 tamen,

77 1951 113 2004 ut
134 1942 263 2014 landem
285 1942 405 2007 tribuas
425 1941 598 2024 historico,
627 1945 815 2030 sapientiem
834 1947 1084 2032 gravitatemque
1104 1967 1159 2010 re·

76 2041 205 2124 quires:
231 2048 266 2103 at
284 2041 319 2104 id
339 2063 404 2104 uon
428 2043 534 2106 minus
560 2044 677 2108 frustra
698 2043 734 2105 in
762 2044 898 2129 Agathia
927 2054 1046 2112 nostro.
1089 2045 1158 2106 lmo

75 2143 182 2223 potius
203 2139 350 2204 ieiunum
368 2140 535 2224 ingenium
550 2141 584 2202 in
599 2127 768 2206 sententiis
790 2143 902 2228 prodit
915 2165 995 2226 quea
1009 2142 1159 2226 saepissi-

75 2260 126 2302 ma
135 2239 261 2323 profert
269 2285 279 2319 ,
287 2241 374 2304 tritas
383 2239 553 2304 admodum
563 2248 659 2322 atque
671 2262 689 2302 e
700 2240 782 2303 locis
792 2241 908 2326 petitas
917 2241 1156 2304 communibus:

75 2337 129 2400 nbi
139 2346 337 2422 veroargnte
351 2338 444 2422 loqui
454 2338 566 2424 satagit
579 2337 809 2422 trigidissimas.
840 2337 912 2401 Viri
925 2337 1003 2400 boni
1012 2337 1157 2400 animum

74 2459 149 2500 cum
169 2437 385 2500 ostentatione
400 2457 475 2520 prae
497 2459 531 2500 se
553 2435 633 2500 tert:
665 2455 776 2518 neque
794 2443 913 2514 umen,
934 2443 1090 2520 quantum
1104 2435 1156 2498 di-

74 2557 230 2620 gnoscere
248 2533 337 2614 lieet,
357 2534 457 2598 falsor
478 2535 629 2598 immanis
642 2533 682 2596 ab
696 2533 907 2596 insectatione
923 2533 1043 2619 pariter
1057 2542 1154 2618 utque

73 2635 113 2696 als
132 2633 318 2698 adulatione
340 2654 400 2717 per
416 2633 602 2698 universum
618 2653 718 2718 opusc
743 2631 854 2706 ouius,
876 2651 1099 2716 quaecumque
1119 2631 1154 2722 in

72 2755 113 2796 eo
128 2730 388 2818 reprehenderis,
410 2732 451 2796 ad
470 2731 706 2818 cognoscendas
722 2751 774 2794 res
790 2740 892 2816 gestas
908 2751 1068 2794 summum
1082 2754 1155 2816 pre·

72 2833 154 2895 tium
169 2841 268 2915 etque
288 2831 384 2894 unica
400 2831 520 2894 utilitas
541 2841 598 2895 est.
640 2830 753 2895 ltaliea
771 2837 878 2892 nmen
897 2827 1025 2914 negotia
1040 2851 1153 2913 parum

70 2931 202 3014 cognita
228 2929 377 2994 habuisse
396 2929 540 3009 ridetur,
570 2929 604 2994 iu
632 2928 843 2992 orientalibus
867 2925 963 3011 longe
989 2927 1152 3018 versutior.

69 3034 179 3109 Quem
194 3029 221 3093 si
237 3028 396 3113 Procopio
413 3049 512 3112 quum
528 3027 659 3114 ingenio
677 3035 746 3090 tum
759 3024 846 3090 cirili
862 3025 1058 3109 militarique
1072 3047 1151 3110 pru·

69 3128 185 3203 dent'u
194 3128 291 3212 longe
300 3127 562 3190 interioremesse
578 3127 727 3192 Gibbouo
740 3125 835 3188 facile
846 3124 1041 3188 concesseris
1046 3148 1056 3197 3
1070 3123 1152 3186 late-

67 3227 144 3290 lsere
153 3235 261 3308 tamen
273 3227 385 3290 eadem
396 3227 521 3289 ratione
533 3247 631 3310 super
642 3235 766 3290 ceteros
776 3244 897 3302 omnes,
914 3221 972 3306 qui
986 3222 1151 3307 consecuti

67 3335 163 3407 sunt,
186 3326 348 3389 eminere:
366 3325 470 3388 vuum
482 3333 590 3388 autem
597 3325 699 3387 multo
717 3323 885 3386 meliorem
898 3341 965 3384 esse
980 3322 1149 3407 Procopio.

149 3422 354 3488 Christianus
369 3445 409 3485 an
429 3423 545 3500 luerit,
567 3423 600 3484 in
625 3433 790 3505 utramque
816 3428 938 3505 partem
955 3419 1150 3505 disputatum

66 3533 130 3586 esta
153 3542 269 3586 rernm
287 3521 374 3584 edito
387 3521 615 3606 epigrammate
631 3543 697 3604 quo
711 3517 854 3583 tabulam
866 3517 1070 3601 Archangelo
1089 3519 1150 3613 de·

65 3623 154 3685 dicat
170 3623 236 3698 2⁷),
257 3619 348 3682 illam
359 3620 550 3704 religionem
558 3619 735 3704 professum
751 3638 818 3680 esse
838 3623 929 3678 extra
948 3614 1149 3694 dubinmest.

64 3723 176 3804 Aqno
199 3718 227 3782 ai
246 3718 450 3796 discesseris,
480 3718 566 3782 inter
581 3727 688 3781 cetera
699 3737 782 3800 quae
790 3713 928 3798 proferri
943 3724 1077 3798 possem
1095 3713 1148 3777 lir-

64 3819 244 3882 missimum
267 3817 411 3882 eiusdem
430 3816 592 3900 opinionis
609 3823 834 3900 argumentum
853 3821 945 3891 esset,
967 3813 1054 3896 quod
1074 3834 1149 3899 app·

63 3918 240 4004 platheqma
253 3937 295 3982 ex
314 3936 400 3981 noro
413 3913 614 3980 loederesilsi
625 3926 737 3978 notum
751 3934 819 3980 esse
828 3910 935 3997 prodit
947 3911 1006 3991 ²⁸).
1035 3911 1148 3996 Neque

100 4083 148 4153 η)
164 4082 306 4155 ψειῷ,
336 4081 382 4155 ae)
398 4081 523 4139 lllstlll.
542 4097 581 4137 aa.
600 4079 731 4154 pretet
749 4077 871 4134 Indicam
880 4093 963 4152 graec
980 4093 1000 4131 s
1019 4072 1147 4142 atrita

100 4203 243 4274 Agroitas.
835 4196 852 4247 l
