2900 4792
86 584 399 665 SPEGIMEN
417 585 732 666 VERSIONIS
755 588 1185 682 CHRISTOPHORI

490 719 817 797 PERSONAE.

403 861 494 928 Lib.
524 863 567 931 ll.
592 864 731 948 capita
760 865 811 932 28.
840 883 891 949 29.

150 1103 244 1159 iture
256 1112 355 1158 autem
373 1104 422 1160 ubi
437 1103 472 1158 de
483 1102 602 1158 Cbosroe
615 1121 750 1175 perpauca
761 1105 933 1176 explicarint,
950 1107 1093 1160 confestim
1103 1106 1138 1161 ad
1150 1125 1183 1161 es

86 1205 126 1242 ne
137 1193 294 1256 referam,
312 1209 384 1262 quae
405 1207 515 1244 narrare
534 1191 589 1244 ism
601 1193 685 1260 coepi.
717 1189 779 1242 Non
802 1193 875 1243 enim
889 1190 962 1245 bunc
980 1194 1075 1246 Persae
1091 1195 1179 1246 solum

89 1279 169 1340 ultra,
188 1293 290 1350 quam
311 1277 406 1342 decet,
423 1277 552 1330 laudibus
571 1277 664 1329 lerunt
685 1283 713 1330 et
735 1276 918 1344 demirantur3
942 1278 990 1330 sed
1007 1281 1187 1333 Romanorum

89 1365 221 1435 plerique
249 1373 288 1418 ut
309 1364 488 1436 eloquentiae
500 1362 665 1426 studiosum,
690 1370 718 1416 et
742 1363 790 1434 qui
809 1363 844 1416 ad
867 1373 976 1417 nostrae
995 1363 1186 1434 philosophiae

90 1468 227 1503 ammam
243 1453 406 1520 pervenerit
422 1452 579 1514 notionem,
598 1458 625 1502 et
641 1449 744 1504 Graeca
762 1468 844 1520 opera
862 1451 894 1504 ln
912 1452 1046 1506 Persicam
1065 1453 1187 1524 linguam

91 1539 233 1590 nonnulla
250 1537 437 1590 transtulerit:
463 1535 581 1608 (addunt
593 1545 684 1590 umen
700 1545 729 1588 et
743 1537 914 1606 stagiretem,
935 1538 965 1590 id
982 1547 1041 1603 est,
1057 1541 1114 1592 sini
1128 1558 1186 1592 am-

92 1621 233 1691 phoram,
259 1623 342 1692 longe
360 1625 458 1676 melius
471 1633 644 1693 perpotasse,
662 1641 744 1694 quarn
761 1623 854 1676 rhetor
876 1627 1021 1694 paeanieus
1038 1627 1108 1682 olori
1123 1643 1187 1697 per·

93 1710 243 1778 scripserit
267 1709 419 1782 fabulam)=
445 1711 595 1780 quinetiam
616 1710 759 1762 Platonicis
778 1710 914 1763 imbutum
934 1711 1103 1782 dogmatibus
1130 1722 1187 1767 tra-

96 1794 183 1859 dunt,
203 1805 296 1868 atque
312 1794 398 1859 adeo,
415 1802 447 1848 ut
466 1813 501 1848 ne
517 1797 645 1850 Timaeus
661 1793 736 1848 buno
757 1795 869 1868 quidem
881 1805 1051 1868 praetereat,
1078 1801 1188 1853 tametd

94 1881 199 1936 lineari
224 1883 416 1952 speculatione
430 1880 596 1945 divarietur‚
614 1890 765 1936 etnsturac
783 1886 898 1936 rimetur
916 1893 1020 1948 motus,
1038 1902 1089 1938 nee
1100 1886 1187 1940 Phae-

97 1966 152 2022 don
167 1971 250 2038 ipse,
268 1985 359 2040 neque
378 1967 510 2038 Gorgias,
526 1969 570 2020 rel
591 1967 762 2040 dialogorum
782 1979 861 2024 sutor
881 1971 952 2024 alius
973 1970 1136 2043 quisquam,
1157 1981 1189 2027 ut

98 2055 297 2120 Parmenides,
316 2063 345 2108 et
360 2056 461 2108 caeteri
476 2057 557 2118 item,
575 2054 676 2126 quibus
690 2055 766 2108 varia
786 2059 984 2117 sententiarum
998 2059 1187 2129 profunditate

100 2149 165 2193 sunt
181 2143 275 2196 mults
297 2141 455 2212 conseripta
491 2143 552 2212 lpse
572 2159 634 2196 vero
654 2159 710 2194 uon
733 2145 837 2213 egregie
860 2143 930 2196 adeo
951 2143 1026 2197 bunc
1048 2145 1187 2197 eruditum

102 2227 187 2282 inisse
210 2229 439 2290 existimaverim,
457 2234 636 2282 utrumnam
660 2227 866 2297 disciplinarum
885 2239 1001 2288 teneret.
1037 2231 1093 2300 Qui
1115 2232 1187 2283 enim

103 2314 161 2367 lieri
180 2315 213 2368 id
229 2322 353 2384 poterat,
373 2331 465 2371 verant
485 2314 561 2366 illam
581 2321 609 2368 et
632 2311 748 2364 liberam
765 2321 797 2366 ιιι
816 2323 940 2368 veterum
957 2318 1099 2368 nominum
1120 2334 1188 2386 pro-

103 2401 329 2466 nunciationem,
347 2403 428 2454 itaet
440 2399 520 2454 rebus
540 2399 606 2470 ipsis
620 2401 737 2452 maxime
758 2410 968 2471 congruentem,
988 2403 1081 2473 lingua
1100 2419 1188 2473 quae·
1297 2431 1306 2455 t

106 2485 167 2539 dam
180 2495 214 2542 ut
229 2487 359 2558 agrestis,
377 2494 406 2540 et
419 2487 528 2550 rudior,
547 2495 575 2538 et
594 2505 610 2538 a
627 2486 713 2538 Muris
729 2488 839 2556 penitus
862 2488 952 2541 aliena
969 2486 1104 2542 servaret?
1130 2506 1185 2559 quo

107 2573 218 2644 inquam
236 2581 316 2642 paeto
330 2573 371 2626 vir
393 2575 468 2642 regio
483 2573 555 2625 fastu
573 2589 606 2624 cx
621 2571 773 2624 immodicis
789 2571 994 2626 adulationibus
1012 2575 1047 2626 ab
1071 2575 1187 2628 ineunte

107 2668 196 2713 aetate
210 2660 336 2723 illectus,
355 2675 387 2711 ao
402 2659 513 2712 vivendi
528 2657 756 2712 consuetudinem
772 2669 868 2713 nactus
881 2678 963 2731 supra
983 2660 1095 2714 modum
1119 2660 1185 2714 bar·

107 2745 241 2811 buricum,
257 2755 287 2800 et
301 2748 349 2818 qui
362 2744 437 2798 bella
452 2761 557 2815 semper
575 2753 604 2798 et
622 2746 693 2798 acies
706 2747 797 2798 animo
813 2745 938 2815 agitarit,
956 2748 1077 2800 exerceri
1097 2747 1186 2800 iubis

108 2843 213 2902 poterat
231 2833 394 2903 disciplinis,
409 2848 446 2884 ex
458 2829 556 2903 hisque
569 2831 622 2886 sibi
635 2832 738 2884 fructus
758 2832 865 2902 aliquid
879 2832 1040 2886 vendicare?
1063 2832 1146 2904 Quod
1162 2835 1187 2885 sl

110 2923 173 2993 quis
186 2921 288 2974 idcirco
298 2920 373 2992 buno
388 2919 492 2984 laudet,
512 2921 577 2990 quia
590 2936 673 2992 quum
689 2937 736 2972 rex
753 2927 832 2982 esset,
852 2928 881 2972 et
895 2919 1185 2990 Persa‚tantarumque

111 3008 226 3076 gentium
251 3015 281 3060 et
298 3007 477 3058 maximarum
493 3023 583 3058 rerum
601 3023 692 3058 curam
709 3003 838 3068 baberet,
863 3013 1005 3077 utcunque
1025 3014 1116 3058 tamen
1137 3006 1186 3057 de-

112 3103 214 3161 gustare
226 3101 299 3147 artes
314 3094 450 3146 literatius
463 3094 611 3158 voluisset,
634 3109 668 3144 ex
680 3109 769 3163 enque
788 3101 821 3144 nt
838 3092 967 3161 gloriam,
991 3095 1075 3144 itaet
1101 3092 1187 3142 animi

112 3196 203 3250 capere
218 3181 406 3249 voluptatem,
432 3179 555 3249 prolecto
577 3187 606 3230 et
627 3179 685 3248 ipse
709 3178 782 3230 bunc
805 3178 956 3241 laudarem,
983 3175 1099 3248 perinde
1119 3193 1186 3248 prae

112 3269 220 3321 caeteris
233 3267 357 3320 barbaris
376 3266 572 3320 admirandum.
610 3265 663 3318 Sed
681 3265 729 3338 qui
745 3265 818 3317 bunc
834 3263 950 3317 nimium
965 3267 1117 3334 sapientem
1135 3281 1185 3334 ap-

112 3355 225 3422 pellant,
246 3362 275 3406 et
291 3355 368 3424 quasi
384 3353 561 3424 philosophos
584 3361 703 3406 caeteros
724 3353 918 3422 praestitisset,
942 3353 1064 3404 omnium
1088 3352 1186 3403 artium

113 3438 368 3512 disciplinarumque
386 3457 478 3492 musas
492 3457 572 3492 nosse
592 3440 747 3502 affirmant,
766 3447 794 3492 et
818 3439 927 3510 qualem
945 3440 1058 3492 fortasse
1076 3437 1186 3507 peripa-

112 3526 181 3578 tetici
204 3527 321 3578 maxime
343 3526 480 3580 eruditum
503 3526 683 3597 praefiniunt:
715 3523 935 3593 deprehendetur
955 3527 978 3578 ia
1005 3523 1079 3577 baud
1101 3524 1186 3576 dubie

112 3611 179 3664 nibil
201 3631 311 3683 prorsus
333 3631 381 3678 er,
404 3631 474 3685 quae
503 3629 565 3666 vera
586 3621 667 3676 sunt,
696 3611 861 3684 pervidisse3
891 3612 939 3666 sed
959 3613 1032 3680 vulgi
1053 3609 1186 3662 duntaxat

113 3697 204 3756 itum
230 3700 339 3760 senari.
376 3699 425 3752 Vir
438 3699 549 3771 quidam
570 3716 668 3769 genere
688 3699 784 3772 Syrus,
807 3699 923 3750 Uranius
942 3700 1096 3768 vocitatus,
1121 3695 1187 3751 dum

112 3783 230 3854 Bymntii
240 3793 406 3850 versaretur,
424 3796 509 3841 artem
522 3787 634 3857 quidem
646 3787 781 3839 medicam
798 3785 991 3856 profitebatur,
1016 3784 1064 3837 sed
1078 3785 1186 3836 Aristo-

113 3872 206 3924 telieae
220 3871 383 3941 disciplinae
398 3891 508 3944 prorsus
527 3875 650 3944 ignarus,
668 3875 710 3926 nil
725 3873 845 3945 denique
860 3891 923 3926 vera
936 3875 1092 3943 cognitione
1106 3880 1185 3923 tene-

112 3955 170 4024 bst;
188 3958 383 4012 tremebundus
398 3968 490 4012 tamen
508 3955 673 4012 et'insolens
691 3961 859 4030 quammulta
877 3977 905 4011 se
925 3958 1074 4029 percellere
1099 3958 1185 4008 iacta-

113 4040 171 4104 bslt
189 4053 218 4106 el
234 4063 319 4128 quum
337 4047 408 4104 torte
424 4047 496 4106 inter
518 4054 610 4104 coetus
627 4044 769 4106 homiuum
784 4054 947 4109 versaretur,
970 4052 1002 4098 ut
1018 4051 1077 4098 erat
1088 4046 1186 4113 suapte
