2900 4792
419 247 701 317 snsronnaon
731 255 782 315 ιτ.
814 256 863 325 15.
1110 228 1189 339 237

104 402 246 469 ἔστειλεν
269 404 307 479 ἐκ
327 402 384 489 τῆς
400 404 511 490 Νὴσοο
528 409 561 483 ἐς
584 406 642 491 τήν
666 406 848 472 Ῥοδότιολιν
869 400 935 487 ἅμα
955 406 1120 487 δισχιλιοις
1140 402 1325 469 irs-mm

103 504 233 579 πόῐαις·
254 496 310 588 ἥδε
323 502 393 589 sliri
421 503 604 582 Ῥοδόττολίς
619 509 686 572 ἐστι
703 512 763 588 μὲν
780 504 919 587 πόλισμα
935 503 1107 587 Κολχικὸν,
1127 504 1190 569 ainsi
1202 486 1222 537 ¹*
1234 485 1294 539 [Μ

106 604 250 688 Περσῶν
274 604 310 667 δὲ
326 595 411 684 ὅμως
425 605 459 668 ἒν
474 607 519 692 τῷ
535 603 607 668 τότε
621 609 798 689 κατείχετο,
819 602 940 681 ἑλόντος
964 601 1067 687 αὐτὴν
1088 606 1193 691 πολλῷ

105 698 292 787 ἔμπροσθεν
314 700 418 788 χρόνιρ
446 704 504 766 aot
529 704 742 790 Μερμερόου,
779 703 835 769 καί
856 701 1002 790 φροαρόν
1029 699 1194 787 Περσικὴν

83 798 408 882 5ἕγκαταστὴσαντος.
437 803 539 866 ταῦτα
561 805 597 865 δὲ
619 802 723 868 ὁποῖόν
748 828 820 867 τινα
840 802 1045 888 κατείργαστο
1067 796 1222 885 τρόπον,Β

104 888 148 961 οὔ
166 920 223 977 μοι
247 894 425 983 εἰρήσεται,
454 898 496 975 τός
519 898 557 985 δη
574 903 743 989 Προκοαίῳ
767 905 812 989 τῷ
829 898 937 987 ῥήτορι
955 902 1066 986 σαφεῖς
1083 894 1196 981 ἄναγε-

102 998 285 1082 γραμμόνα.
321 998 458 1062 ἐνταῦθα
482 996 521 1084 δη
542 993 600 1065 σόν
635 1002 681 1090 τῷ
706 994 889 1085 Ἐλμινζοόρ
917 1000 1077 1087 ἀφιγμένῳ
1107 995 1197 1061 αι’σία

103 1118 157 1168 τις
176 1096 359 1177 §oreliano
378 1094 470 1181 τόχη.
490 1098 661 1181 ἐτύγχανον
679 1096 738 1185 γὰρ
761 1098 794 1163 οἳ
809 1101 923 1162 τετῶν
940 1101 1079 1183 Περσῶν
1095 1119 1197 1183 φρου-

105 1190 179 1279 ροί,
214 1188 296 1257 οότω
325 1197 529 1279 ξανενεχθὲν,
566 1198 655 1273 ἐκτός
678 1221 739 1261 που
763 1200 821 1261 τοῦ
846 1189 956 1273 ἄστεος
978 1196 1196 1282 διατρίβοντες,

69 1290 169 1355 ιοκαδ
193 1288 230 1355 τό
253 1294 373 1376 πλῆθος
396 1296 460 1359 τῶν
483 1296 655 1383 οἰκητόρων
681 1290 777 1373 ἄλλος
800 1289 915 1362 ἄλλοθι
934 1297 1198 1376 διεσκεδασμένοι.

108 1388 275 1477 τοιγάρτοι
291 1386 412 1457 ἀκονιτί
429 1394 598 1479 παρελθών
620 1392 694 1461 εἴσω
703 1448 713 1478 ,
743 1399 798 1461 καί
816 1394 873 1480 τὴν
890 1391 980 1459 πόλιν
993 1389 1198 1485 παραστησό-

106 1512 215 1571 μενος,
237 1487 302 1553 δ’δὲ
320 1490 448 1577 κοίτην
463 1494 643 1579 περιοικίδα
659 1498 865 1579 κατέδραμεν·
884 1496 938 1558 καί
951 1489 1026 1577 ὅσην
1036 1497 1096 1574 μὲν
1108 1496 1198 1576 Περ-

106 1586 203 1673 σικὴν
226 1580 318 1675 εόρεν
348 1585 545 1679 ἀπόμοιραν,
577 1592 711 1671 τοότοος
741 1593 779 1679 δη
801 1593 1003 1683 πανωλεθρίᾳ
1027 1594 1198 1678 διέφθειρε,

106 1685 147 1753 τὸ
168 1690 203 1759 sii
227 1688 369 1771 ἰθαγενὲς
396 1687 480 1757 ἅπαν
504 1697 559 1759 καί
581 1692 774 1779 ε’πιχτόριον,
811 1693 921 1778 ἐπειδὴ
945 1689 1064 1768 αότοός
1085 1692 1196 1773 διέγνω

70 1790 156 1875 τότῷ
177 1785 291 1875 όθνείηι
310 1788 374 1853 όέει
388 1792 510 1871 μᾶλλον
526 1786 548 1877 ἢ
570 1794 609 1879 τῇ
628 1796 719 1880 σφῶν
740 1792 868 1881 (intortis
883 1792 1093 1877 μηδίσαντας,
1113 1790 1224 1854 ἕνον-0

109 1894 178 1950 κεϊν
201 1876 296 1960 αὖθις
310 1888 348 1973 τῇ
369 1888 465 1978 οἰκείᾳ
480 1892 579 1976 ἐφῆκε
605 1892 746 1978 πατριδι,
773 1889 912 1976 όμήροος
931 1914 965 1955 τε
984 1886 1091 1969 λαβὼν
1107 1888 1140 1962 ἐς
1155 1884 1227 1959 τόν,
1241 1906 1274 1973 87

108 1981 312 2069 πιστότερον,
338 1989 394 2051 καί
409 1990 525 2053 ἕκαστα
544 1992 580 2055 ἐν
595 1992 696 2055 δέοντι
712 1988 953 2075 κρατυνάμενος.
976 1985 1059 2052 οὕτω
1081 2008 1115 2049 τε
1136 1975 1198 2048 αό-

108 2087 167 2159 θις
189 2082 209 2167 ἦ
235 2082 420 2160 Ῥοδόιιολις
436 2087 470 2161 ἐς
486 2082 527 2151 τὰ
551 2084 690 2175 πρότερα
709 2089 880 2171 ἕπονῆκτο,
909 2081 1085 2172 στέργονσά
1105 2107 1141 2148 τε
1155 2080 1195 2147 τό

110 2180 233 2267 πάτρια
249 2180 383 2265 νόμιμα,
405 2183 460 2249 καὶ
472 2190 602 2267 βασιλεῖ
609 2190 652 2275 τῷ
674 2188 848 2267 Ῥωμαίων
868 2186 1103 2267 ότιοκλινομένη.
1122 2179 1198 2246 rosi·

70 2300 171 2345 aoroo
185 2284 248 2361 μὲν
269 2274 326 2346 οόν
346 2286 406 2346 τοῦ
425 2286 542 2371 θέρους
563 2287 658 2350 οὐδέν
685 2311 717 2349 τι
747 2278 824 2350 ἄλλο
843 2284 992 2369 ἐπράχθη
1009 2282 1119 2349 όιτοῖον
1143 2280 1201 2346 καί

112 2380 149 2455 ἐς
164 2376 258 2462 λόγου
275 2384 430 2468 φέρεσθαι
449 2383 581 2469 μνήμην.
603 2388 662 2449 τοῦ
678 2387 713 2451 δὲ
725 2387 882 2467 χειμῶνος
900 2387 1147 2466 ἐπιλαβομένου,
1167 2379 1200 2444 οἱ

112 2480 174 2557 μὲν
189 2480 318 2565 Πέρσαι
334 2473 431 2557 sidric
449 2482 675 2563 assuashruoro
683 2535 693 2565 ,
715 2486 770 2547 καί
785 2478 960 2568 ἐπανῄεσαν
975 2478 1007 2557 ἔς
1023 2506 1058 2544 τε
1072 2478 1109 2547 τό
1132 2484 1199 2544 Ko-

184 2622 208 2674 7.
228 2604 415 2677 ἀηιιγονμίνρ
433 2608 463 2663 tt.
512 2608 673 2675 τοπλῆθοτ
690 2612 718 2661 li.
735 2616 763 2661 et
780 2610 863 2679 Intpr.
882 2608 1041 2671 multitudo,
1066 2609 1200 2661 πλεῖστον

182 2674 254 2795 vulp.
324 2676 564 2748 κεκεδασμένοιΗ.
639 2685 676 2737 15,
689 2678 811 2733 ὀθνείων
821 2682 891 2732 coni.
901 2682 930 2733 B.
939 2680 1016 2733 Vntc
1027 2678 1105 2732 male.
1157 2684 1198 2734 ιδ.

183 2760 224 2816 πρ
244 2758 310 2815 τερα
326 2748 371 2809 tt,
395 2751 537 2821 πρότερον
553 2751 623 2823 vulg.
712 2768 753 2805 ao.
773 2753 822 2802 καὶ
839 2752 891 2804 ins.
909 2766 943 2803 ex
960 2752 991 2805 lt.
1076 2767 1117 2803 aa
1138 2752 1199 2803 Ku-

182 2818 297 2869 tolosan
312 2818 385 2887 vulg.
571 2838 574 2853 =

113 2953 240 3027 equitum
252 2952 382 3007 millibus.
423 2954 472 3009 Est
489 2961 579 3007 autern
598 2954 666 3007 haec
681 2954 849 3026 Rhodopolis
868 2956 1001 3026 oppidum
1023 2954 1199 3019 colchicum,

114 3042 132 3077 a
147 3026 232 3077 Persis
252 3032 340 3077 tanam
356 3033 421 3077 tunc
443 3028 573 3095 temporis
588 3026 740 3089 tenebatur,
759 3044 775 3077 a
788 3027 939 3079 Mermeroe
960 3028 1046 3079 multo
1069 3035 1134 3078 ante
1153 3044 1201 3077 ea-

16 3128 18 3133 .
114 3104 209 3164 ptum,
227 3096 370 3163 quietism
384 3097 517 3150 Persicum
534 3096 697 3166 praesidium
712 3098 788 3147 ineo
807 3098 960 3149 collocarat
979 3096 1053 3147 llaec
1065 3112 1128 3147 vero
1142 3111 1199 3165 quo

115 3174 195 3235 pacto
218 3174 292 3234 gesta
315 3166 427 3229 fuerint,
456 3168 628 3235 praeteribo,
650 3176 682 3219 ut
698 3185 713 3218 a
731 3167 859 3234 Procopio
887 3166 996 3219 rhetore
1015 3174 1109 3235 aperte
1132 3180 1198 3215 cou-

115 3239 223 3305 scripta.
260 3236 435 3305 Posteaquam
453 3238 536 3305 igitur
550 3238 687 3289 Elminzur
701 3255 734 3289 eo
751 3237 894 3307 pervenit,
918 3253 1048 3306 prospera
1067 3234 1200 3305 quaedam

115 3307 187 3361 iuvit
204 3306 320 3359 fortuna.
357 3307 494 3359 Persarum
514 3310 587 3360 enim
605 3306 770 3378 praesidium
792 3308 863 3360 sorte
886 3306 985 3377 perid
1005 3315 1112 3374 tempus
1133 3303 1202 3355 alibi

117 3385 193 3427 extra
214 3375 346 3445 oppidum
365 3376 535 3441 versabatur,
558 3380 731 3447 maximaque
748 3377 947 3447 oppidanorum
968 3394 1032 3449 pars
1052 3377 1121 3427 alius
1143 3374 1201 3425 alio

117 3454 290 3499 concesserat.
329 3446 410 3500 Nullo
426 3447 518 3518 itaque
531 3452 640 3519 negotio
657 3448 814 3518 ingressus,
833 3448 935 3519 oppido
945 3448 977 3515 in
992 3464 1069 3501 suam
1080 3452 1201 3515 potesta-

116 3525 171 3569 tem
195 3516 313 3579 redacto,
342 3518 573 3586 circumlucentem
593 3521 675 3571 etiam
690 3536 783 3588 agrum
799 3526 983 3589 pergressatus
1006 3526 1056 3579 est,
1075 3523 1104 3569 et
1122 3515 1202 3587 quio-

117 3586 185 3661 quid
203 3588 339 3639 ePersicis
354 3588 439 3658 copiis
450 3588 560 3640 obvium
569 3588 679 3653 habuit,
690 3588 725 3641 ud
739 3606 823 3641 unum
835 3606 928 3642 omnes
941 3587 1103 3652 trucidavit,
1120 3592 1202 3657 quot·

117 3667 186 3729 quot
207 3674 271 3709 vero
297 3668 373 3710 erant
395 3660 540 3729 indigenae
563 3678 595 3711 ae
617 3662 703 3723 cives,
737 3678 798 3711 cum
819 3676 865 3711 eos
886 3660 968 3711 sciret
993 3666 1105 3710 externo
1127 3664 1203 3708 metu

116 3729 200 3797 magis
223 3745 304 3797 quam
337 3731 446 3798 propria
466 3730 582 3798 pertidia
602 3730 740 3785 Persarum
761 3738 850 3800 partes
874 3736 997 3791 secutos,
1029 3736 1060 3779 ut
1086 3728 1203 3797 patriam

117 3816 209 3851 rursus
222 3815 297 3849 suam
309 3800 468 3863 incolerent,
484 3800 615 3868 permisit,
632 3800 830 3871 obsidibusque
841 3800 953 3853 maioris
965 3799 1116 3850 securitatis
1125 3813 1204 3849 causa

116 3870 249 3937 acceptis,
268 3870 366 3931 omnia,
384 3879 466 3937 prout
480 3886 529 3938 par
550 3877 618 3933 erat,
637 3870 832 3923 constabilivit.
866 3871 957 3941 Atque
976 3871 1016 3920 ita
1034 3866 1202 3936 Rhodopolis

116 3938 153 3991 ad
178 3940 295 4006 priorem
320 3946 419 3991 statum
434 3949 475 3992 est
490 3941 614 4003 reducta,
633 3949 661 3993 et
672 3941 761 4009 patria
776 3940 904 3992 instituta
918 3940 1083 4007 amplectens
1102 3947 1131 3990 et
1148 3940 1203 3987 lto·

117 4025 260 4061 manorum
277 4010 434 4079 Imperatori
458 4008 575 4062 subdita.
613 4010 670 4062 Hac
688 4012 772 4079 igitur
789 4018 891 4061 aestate
909 4008 980 4062 nihil
997 4008 1073 4060 alirsd
1099 4015 1203 4077 gestum

119 4088 161 4131 est
177 4086 326 4131 memoratu
339 4080 457 4149 dignum.
473 4082 569 4131 Bruma
583 4097 645 4132 vero
656 4082 849 4142 invalescente,
866 4081 962 4133 Persae
980 4079 1092 4148 quidem
1109 4076 1203 4129 statim

117 4148 215 4204 mlutis
241 4151 333 4203 castris
357 4150 489 4203 Cotaisim
513 4160 542 4203 et
562 4150 681 4203 iberiam
705 4166 797 4203 versus
823 4167 881 4202 sese
908 4157 1085 4219 receperunt,
1111 4147 1200 4198 auimo
