2900 4792
560 672 598 743 B.
646 670 1052 745 v·1JLCAN11
1158 710 1161 715 ·

354 824 721 892 DEDICATIO
770 828 839 889 ET
887 825 1262 892 PRAEFATIO

524 974 739 1033 nossuou
770 973 813 1023 ln
849 971 1092 1025 scssuun.
1120 1046 1123 1053 Ι
1155 954 1192 1041 J

414 1280 626 1331 Nosmss.
675 1278 1031 1342 snpslsslntooun
1070 1277 1196 1343 vum,

267 1400 1343 1512 D.10ANN1AB01DENBARNEVELT‚

435 1576 835 1630 ΙΠΠῙδΟΟΝδῦΒΤΟ
869 1576 1171 1627 ΟΒΑΒῙΒΒΙΜΟ

337 1714 539 1765 ILLUSTRIUM
564 1711 726 1762 ORDINUM
750 1708 964 1759 HOLLANDIAE
987 1708 1027 1757 ΕΙ·
1049 1706 1272 1761 ἫΕὸΤΕΒΙὸΙᾹΕ
1317 1706 1320 1713 '
1434 1752 1435 1787 3

557 1810 739 1861 ADVOCATO
765 1810 805 1856 Er
829 1815 851 1855 A
878 1806 1050 1859 consutis.

714 1952 901 1967 m

262 2090 359 2169 Quos
380 2091 530 2171 Agatlsiae
562 2110 631 2152 meo
650 2089 865 2171 superioribus
894 2088 977 2147 luisce
1006 2085 1116 2147 diebus
1139 2084 1186 2147 ad
1200 2084 1344 2147 illustres
1434 2050 1435 2105 ἶ

261 2190 457 2251 Hollandlae
477 2204 506 2249 et
531 2186 736 2270 Westfrisiae
763 2186 900 2246 Ordines
920 2184 1041 2246 aditum
1071 2186 1250 2267 aperueris,
1284 2202 1345 2245 no·
1434 2262 1435 2265 ,

262 2293 359 2356 bitias.
380 2278 627 2372 amplissimoque
643 2291 715 2365 vir,
750 2286 872 2347 seeutui
886 2304 918 2344 es
931 2284 1100 2363 ingenitam
1115 2284 1172 2345 tibi
1188 2284 1343 2367 planeque

259 2392 424 2473 propriam
447 2390 665 2467 benignitatem
685 2399 788 2461 tuam,
811 2398 840 2444 et
857 2384 1013 2462 singulare
1027 2382 1187 2464 quoddam
1204 2382 1345 2441 iuvandi
1434 2364 1435 2413 3

259 2486 456 2567 ornandique
479 2486 642 2545 literarum
662 2484 797 2543 cultores
816 2482 964 2545 studium,
1005 2478 1102 2565 Quod
1115 2500 1193 2543 vero
1215 2480 1266 2540 illi
1279 2480 1344 2565 ipsi
1432 2468 1435 2557 3

262 2584 397 2645 Ordines
437 2584 496 2643 lsoc
522 2582 681 2665 quidquid
707 2595 752 2643 est
782 2603 867 2641 meae
894 2579 1016 2665 opellae
1052 2580 1170 2640 illustri
1200 2568 1344 2661 ipsorum
1434 2558 1435 2605 3

259 2685 380 2743 nomini
404 2684 588 2766 inscriptum
618 2680 700 2742 adeo
726 2678 895 2765 splendido
921 2680 1062 2763 praemio
1090 2679 1342 2761 compensarint;

251 2781 400 2865 fecerunt
428 2780 571 2865 profecto
606 2802 672 2841 rem
696 2780 912 2864 potentissima
922 2777 1215 2863 florentissimaque
1234 2776 1343 2859 Repu·

260 2880 342 2942 blica
366 2900 422 2939 sua
448 2878 683 2960 dignissimam,
719 2893 751 2940 et
778 2880 855 2939 milii
880 2878 1067 2939 liberalitate
1095 2896 1152 2936 sua
1173 2875 1344 2957 plusquam
1434 2900 1435 2947 3

259 2978 343 3059 regia
361 2980 534 3041 maximum
553 2978 598 3039 ad
616 2980 673 3041 lsoc
694 2977 794 3039 studii
814 2998 910 3058 genus
934 2977 1069 3037 alacrius
1087 2972 1341 3060 persequendum

258 3076 573 3143 calcaraddiderunt.
611 3077 703 3138 Recte
714 3096 790 3138 oero
801 3076 1001 3154 Symmachus
1014 3074 1096 3153 (Lib.
1105 3078 1132 3134 I.
1148 3072 1251 3155 Epist.
1261 3072 1341 3153 γᾶ),
1434 3070 1435 3155 3

259 3175 303 3233 ad
313 3179 499 3259 Hesperium
510 3196 599 3237 suum
609 3178 761 3249 scribens,
781 3176 859 3252 Scis,
873 3175 986 3259 inquit,
1003 3174 1103 3235 bonas
1115 3182 1197 3233 artes
1207 3171 1335 3232 honore

259 3266 396 3348 nutriri,
420 3283 516 3355 atquc
532 3274 596 3335 hoc
617 3276 779 3359 specimen
798 3293 866 3335 esse
889 3272 1030 3334 florentis
1048 3270 1277 3353 Reipublicae,
1301 3277 1339 3331 ut
1434 3296 1435 3301 ¹

259 3369 500 3453 disciplinarum
530 3372 763 3455 professoribus
790 3372 930 3455 praemia
959 3370 1112 3455 opulenta
1140 3368 1338 3454 pendantur.
1434 3398 1435 3445 3

156 3474 159 3477 ’
261 3468 332 3558 Quo
349 3458 476 3549 quidem
492 3472 610 3532 eximio
633 3472 785 3555 beneflcio
806 3484 838 3532 ut
861 3472 986 3546 mesibi
1009 3472 1044 3531 ia
1065 3480 1249 3553 perpetuum
1275 3468 1339 3529 dc·
1434 3476 1435 3547 3

257 3568 451 3627 vinxerunt:
472 3569 517 3628 ita
540 3570 617 3643 cist,
648 3572 703 3630 cir
736 3571 876 3636 nobiliss.
911 3571 967 3654 qui
986 3590 1105 3629 summa
1125 3566 1213 3650 apud
1238 3564 1339 3627 Ordi·
1434 3572 1435 3651 3

259 3686 313 3725 nes
332 3665 371 3727 ob
398 3667 547 3727 eximiam
571 3666 750 3729 doctrinam
772 3667 1032 3753 prudentiamque
1058 3678 1160 3743 tuam,
1192 3678 1222 3725 et
1238 3682 1339 3748 prae·

259 3764 347 3825 clara
366 3764 400 3823 in
418 3764 576 3850 liempulrl.
593 3770 723 3839 merita,
746 3768 833 3828 vales
852 3767 1040 3828 authoritate
1060 3778 1090 3825 et
1107 3764 1227 3845 gratia,
1247 3762 1341 3844 quod
1434 3756 1435 3781 ³

259 3874 313 3923 tua
332 3863 485 3945 imprimis
511 3866 777 3927 commendatione
805 3865 885 3927 adeo
916 3867 1040 3928 uberem
1063 3862 1336 3947 lionorificnmque
1434 3850 1435 3893 3

258 3962 399 4024 laborum
418 3983 557 4024 meorum
569 3964 711 4046 fructum
728 3967 941 4049 perceperim,
962 3985 1055 4046 qnam
1078 3963 1233 4024 maximas
1254 3980 1340 4044 pos-

257 4083 326 4123 sum
345 4082 402 4142 ago
418 4063 559 4142 gratias,
580 4065 737 4125 relaturus
752 4063 943 4147 aliquando,
967 4066 995 4125 si
1009 4064 1131 4126 occ'asio
1151 4074 1181 4121 et
1189 4058 1336 4141 facultas
1434 4046 1435 4123 ἶ

257 4173 408 4245 suppetat.
456 4165 598 4241 Interea,
628 4164 773 4224 memoris
805 4164 948 4245 gratique
977 4163 1074 4224 animi
1096 4160 1194 4223 veluti
1216 4160 1333 4242 pignus
1434 4156 1435 4213 ἶ
