2900 4792
271 212 306 273 a.
336 207 527 275 sarasan
554 206 773 323 naoscauo
800 205 1012 305 parianu.
1070 210 1176 273 xxxv

96 360 286 449 quoddam,
310 364 387 425 habe
407 386 427 425 a
445 382 494 423 me
520 363 611 422 hasce
634 380 731 423 roras
742 404 752 439 ,
785 372 859 443 post
884 358 1002 422 editum
1022 362 1057 423 irs
1076 361 1176 423 lucem

99 466 273 545 Agathiom
292 476 404 544 uuas,
423 480 520 545 eoque
540 461 707 543 praecipue
728 460 860 522 consilio
878 473 930 521 tuo
943 462 1063 523 uomirti
1076 460 1176 522 desti·

97 575 190 623 natas
199 606 213 636 ,
240 574 277 621 ut
297 580 451 621 summum
469 570 557 621 tuum
584 577 658 638 erga
686 558 828 619 literatos
856 558 993 621 studium
1001 604 1014 634 ,
1043 572 1074 619 et
1098 561 1174 619 insi·

96 681 174 741 grtes
198 661 333 721 uirtutes
359 672 450 731 tuas,
480 678 558 742 quae
581 670 611 718 te
630 657 773 719 omuibus
796 656 1013 720 admirabilem
1032 659 1174 719 ‘reddunt

95 760 219 842 pariter
234 771 265 819 et
286 757 469 834 amabilem,
489 757 609 817 exteris
627 757 720 817 etiam
743 756 917 817 honsiuibus
930 756 1057 837 saciant
1074 766 1174 819 rtotas.

158 858 263 919 aeae
281 856 373 935 eale,
413 856 553 919 nobiliss.
585 856 835 937 amplissimaque
862 858 933 935 vir,
962 857 1068 918 atrei
1101 856 1174 918 lite·

100 956 204 1016 rsriaa
219 955 320 1034 magis
336 974 374 1015 ac
390 956 490 1034 magis
504 952 593 1034 fane.
633 951 709 1013 Erit
736 954 794 1013 hoc
817 954 875 1015 tili
895 955 1049 1036 imprimis
1076 954 1174 1040 lippo·
1206 1008 1209 1015 .

102 1051 244 1133 sificum,
267 1064 299 1112 et
320 1052 466 1133 lleipuhl.
479 1052 626 1116 solutore.
667 1050 817 1131 Lugduni
838 1052 1040 1117 Batauorum.
1081 1054 1173 1115 Arno

100 1148 230 1211 Domini
247 1148 429 1215 uoxclv.

523 1263 696 1347 Dignitatis
714 1276 786 1325 tuae
807 1264 1050 1335 studiosissimus

844 1362 919 1425 Bos.
941 1360 1131 1425 vascasius.

524 1504 731 1523 —-—-

276 1660 1000 1780 caanlnaancaoar.

174 1848 282 1912 Anna
301 1858 351 1912 est
369 1850 498 1933 integer
516 1848 607 1932 quod
626 1849 775 1933 Agathias
795 1849 849 1911 hic
871 1868 961 1910 meus
989 1867 1100 1931 graece
1125 1855 1173 1909 est

99 1963 251 2024 excusus,
286 1968 393 2032 neque
422 1949 524 2010 multo
543 1948 650 2010 minus
670 1948 758 2032 quod
776 1956 809 2010 et
829 1946 956 2009 latinus.
996 1948 1048 2008 Aa
1081 1966 1173 2029 grae·

102 2068 169 2108 eam
189 2047 366 2109 editionem
387 2068 462 2110 asae
477 2058 552 2109 sunt
571 2068 687 2131 operae
704 2046 950 2132 typographicae
971 2046 1082 2109 codice
1101 2066 1172 2109 mea

99 2154 203 2207 vetere
224 2145 461 2228 manuscripto,
490 2166 586 2229 quem
613 2154 744 2229 propter
763 2146 979 2208 valetudinem
1004 2155 1072 2206 tum
1091 2154 1172 2206 tem·

98 2245 182 2324 poris
203 2242 457 2331 incommodam,
479 2242 621 2326 aliasque
643 2245 739 2305 iustas
762 2244 941 2318 abcessus,
963 2242 1173 2303 transcribere

98 2359 158 2401 nec
172 2340 268 2401 licuit
283 2360 344 2402 neo
364 2339 468 2403 libuit.
490 2343 564 2420 Quo
580 2341 698 2402 factum
712 2350 810 2402 estut
829 2349 955 2424 practer
970 2339 1044 2401 ritis
1064 2358 1173 2401 exem-

99 2438 195 2520 plaris
220 2459 304 2521 quae
320 2440 468 2501 consulto
485 2437 529 2501 ita
551 2438 773 2523 reliqueram,
793 2440 880 2523 quod
904 2460 1012 2502 eorum
1041 2438 1173 2523 castiga·

99 2536 217 2598 tionem
237 2535 323 2614 notia
348 2537 427 2601 meis
449 2558 655 2616 reservarem,
670 2539 863 2601 accesserint
881 2539 975 2600 etiam
999 2537 1063 2598 alia
1081 2558 1173 2601 men·

100 2634 137 2697 da
151 2634 395 2719 typographica,
417 2636 459 2697 ob
477 2637 683 2699 insolentiam
695 2636 892 2699 characteris
917 2637 971 2700 cui
986 2657 1050 2699 uon
1069 2658 1172 2699 assue-

98 2745 212 2796 verant
235 2756 362 2819 operae.
391 2734 473 2797 Cam
487 2757 564 2798 vero
580 2736 642 2796 iam
662 2736 702 2798 ad
713 2736 928 2821 colophonem
942 2735 1172 2820 propemodum

97 2833 250 2917 perduma
272 2842 356 2897 esset
370 2834 465 2897 etiam
481 2835 579 2895 latina
599 2855 669 2895 mea
694 2836 809 2913 versio,
837 2837 926 2897 venit
940 2835 1018 2896 mihi
1032 2835 1065 2896 iu
1081 2856 1173 2895 men·

98 2943 162 2995 tem
182 2933 310 2995 audisse
327 2953 378 2996 me
395 2934 568 3016 aliqnando
587 2932 743 2995 Coloniae
767 2955 785 2993 a
805 2934 1002 2997 nobilissimo
1030 2932 1172 2995 doctissi-

99 3052 217 3114 moque
244 3031 302 3093 tet.
328 3052 421 3096 mem.
446 3032 526 3109 siro,
543 3034 582 3092 D.
607 3031 732 3093 Thema
757 3030 933 3115 Redigero,
972 3030 1115 3092 datnma
1138 3050 1171 3091 ae

99 3130 227 3192 cuidam
245 3130 411 3212 negotium
429 3128 660 3191 transcribendi
676 3128 843 3214 equidem
858 3129 967 3193 ltaliae
976 3127 1173 3191 Bibliotheca

99 3228 252 3312 Agathino
278 3226 461 3299 historiam
491 3228 579 3309 qnod
599 3227 733 3311 quidem
754 3250 827 3290 cnm
851 3228 1035 3290 iamdudum
1061 3228 1104 3289 ita
1129 3228 1173 3289 sa·

103 3337 187 3389 etum
213 3326 311 3389 fuisse
332 3326 427 3410 plane
453 3325 533 3388 mihi
559 3327 804 3411 persuasissetis,
826 3326 896 3389 misi
923 3327 1085 3409 exemplar
1108 3326 1172 3388 mei

100 3425 253 3509 Agathiae
287 3430 401 3509 'graece
434 3425 543 3488 excusi
573 3424 614 3487 ad
641 3426 691 3493 Cl.
718 3428 759 3489 V.
787 3424 939 3488 Iacobum
970 3424 1171 3501 biccarium,

99 3526 272 3609 rogavique
288 3544 346 3608 per
364 3523 471 3588 literas
483 3533 520 3586 ut
537 3522 622 3585 illud
635 3545 709 3586 cum
730 3526 947 3607 manuscripto
966 3522 1076 3585 codice
1089 3522 1173 3605 Aga·

99 3622 203 3702 thiae,
230 3644 328 3707 quem
359 3624 491 3687 omnino
513 3620 722 3688 Vratislariao
749 3624 782 3685 iu
803 3621 997 3686 bibliotheca
1024 3621 1075 3681 lll.
1100 3610 1172 3686 BD.

99 3722 327 3807 Redigerarum
344 3732 467 3787 exstare
485 3723 648 3808 putabam,
665 3723 806 3786 conferri
826 3731 961 3785 curaret.
983 3719 1079 3801 Quod
1100 3738 1175 3781 cum

100 3820 153 3882 ille
174 3842 234 3905 pro
251 3820 408 3906 singulari
429 3844 488 3886 suo
509 3822 543 3883 in
567 3842 636 3885 rem
656 3820 830 3885 literas-iam
860 3818 965 3883 stadio
981 3819 1016 3880 in
1036 3838 1070 3880 se
1083 3836 1175 3879 rece-

101 3918 213 4001 pisset,
251 3920 537 4004 spopondissetque
564 3928 747 3983 curaturum
778 3940 811 3983 ae
840 3928 877 3981 ut
907 3916 1053 4001 petitioni
1083 3906 1173 3976 meae

102 4018 221 4100 prolixe
244 4017 425 4098 satisfieret,
456 4020 646 4103 simulatque
667 4019 848 4102 praefectus
874 4016 1087 4078 bibliothecae
1115 4011 1174 4092 qui

102 4124 162 4185 lum
176 4138 313 4209 peregre
328 4127 396 4182 erat
408 4119 537 4184 domum
552 4117 718 4186 rediisset:
740 4118 929 4203 significavit
944 4113 1071 4177 tandem
1087 4111 1173 4177 mul·
