2900 4792
259 201 342 290 δον
707 225 917 292 AGll'ffllllE

109 386 140 440 L
157 381 461 472 0-558άμνντηρίας.
501 381 716 464 ἐτεθνήκεσαν.
740 382 775 444 δὲ
805 373 912 442 αότών
937 380 997 460 μὲν
1025 373 1113 465 άμφί
1134 375 1209 454 τοός
1229 397 1344 462 τετρα-

151 457 171 509 1'
183 459 202 511 ¹·
213 461 395 564 3’ποσίοος,
422 482 590 563 Ῥωμαίων
619 479 655 544 δὲ
685 473 773 555 ὅστις
803 478 920 554 οόδείς·
960 477 1058 559 μόνον
1091 478 1125 541 δὲ
1146 474 1344 560 τραυματίαι

256 577 355 666 όλίγοι
375 582 562 665 ἐγεγένηντο.
611 574 702 659 μόλις
722 574 761 662 δη
783 571 839 641 σόν
860 574 1029 660 Ζαβεργάν
1049 599 1084 639 τε
1105 573 1123 640 ό
1144 571 1268 658 ἡγεμών
1289 571 1346 636 καί

224 683 285 747 Coi
313 679 499 767 ἐκφυγόντες
521 670 652 759 ἅσμενοι
685 679 718 752 ἐς
749 672 783 740 τό
815 675 1026 760 στρατόπεδον
1057 675 1169 740 ἵκοντο·
1217 671 1248 737 οἱ
1276 674 1338 757 γάρ

258 782 297 868 δη
319 785 382 848 τῶν
399 778 564 860 Ῥωμαίων
595 781 683 841 ἵπποι
711 775 790 862 πρός
817 775 875 858 την
905 778 1011 852 δίωξιν
1037 769 1251 860 ἀπειρηκότες,
1291 773 1363 837 αι’-5

259 881 404 946 τιώτατοι
427 874 532 953 αὐτοῖς
557 879 613 941 τοῦ
628 886 783 962 περιεῖναι
811 876 1005 958 γεγένηνται,
1032 873 1101 938 ἐπεί
1128 869 1169 936 ἂν
1196 868 1345 954 αότοβοεί

259 977 402 1055 ἅπαντας
423 976 677 1061 κατειργάσαντο.
704 977 763 1040 νῦν
783 975 819 1038 δὲ
837 972 865 1038 οἱ
885 977 944 1055 μὲν
970 981 1032 1048 τοῖς
1051 971 1262 1058 χαρακώμασι
1282 969 1345 1036 σόν

252 1079 387 1166 πλείστῳ
419 1077 549 1164 θορύβῳ
578 1070 784 1157 ἐμβαλόντες,
818 1069 1031 1158 συνεκόπησαν
1059 1069 1143 1136 ἅπαν
1170 1069 1206 1136 τό
1233 1068 1345 1136 λοιπόν

254 1176 455 1263 στράτευμα,
477 1170 738 1258 ὑποτοπήσαντας
759 1168 873 1238 αώτίκα
893 1170 982 1254 μάλα
1004 1173 1261 1258 διαφθερεῖσθαι.
1294 1169 1343 1234 οἰ-

249 1274 339 1362 μωγή
361 1300 394 1340 τε
424 1270 551 1359 ἠκούετο
579 1271 686 1359 μακρά
714 1269 902 1358 βαρβαρική·
945 1279 1008 1345 τοῖς
1034 1267 1093 1355 γάρ
1117 1269 1265 1356 ξιφιδίοις
1282 1266 1383 1366 edero

253 1372 388 1460 παρειάς
410 1370 657 1453 καταξαίνοντες,
679 1367 883 1458 ώλοφόροντο
904 1365 984 1435 κατὰ
1005 1367 1061 1432 τόν
1077 1366 1210 1453 πάτριον
1231 1367 1342 1448 νόμον.

248 1477 408 1555 Ῥωμαῖοι
429 1475 465 1537 δὲ
483 1469 544 1536 σόν
563 1472 743 1559 Βελισαρίφ
765 1464 949 1554 ἀπεχώρουν
969 1471 1002 1545 ἐς
1022 1467 1061 1531 τό
1084 1467 1202 1547 ὀπίσω,
1236 1465 1341 1554 κρείτ-

249 1597 327 1638 τονα
347 1576 407 1652 μὲν
427 1572 552 1644 ἐλπίδος
571 1567 614 1645 ώς
635 1569 754 1634 ἐκτῶν
775 1565 941 1654 παρόντων
962 1567 1230 1654 διαπραξάμενοι,
1262 1558 1341 1644 άξια

220 1676 290 1738 1)δέ
311 1666 397 1751 ὅμως
417 1673 473 1754 τῆς
494 1671 553 1733 τοῦ
573 1669 749 1754 στρατηγοῦ
767 1666 972 1752 προμηθείας.
1001 1664 1113 1731 τούτου
1136 1667 1172 1728 δέ
1200 1667 1257 1729 τοῦ
1278 1661 1341 1728 πά-

253 1777 333 1847 θους
353 1779 420 1845 τοῖς
439 1766 615 1854 βαρβάροις
635 1770 885 1848 ξανενεχθέντος,
926 1763 1042 1829 adulta
1065 1767 1130 1848 οἵγε
1151 1756 1283 1850 άραντες
1302 1761 1381 1828 ἐκ15

252 1865 485 1948 Μελαντιάδος,
506 1862 626 1955 ᾤχοντο
647 1867 680 1941 ἐς
699 1863 738 1930 τά
761 1863 859 1928 ἐπάνω
880 1865 1104 1952 πεφοβημένοι.
1152 1859 1341 1949 Βελισάριος

252 1971 289 2033 δὲ
318 1969 420 2031 καίτοι
450 1964 530 2030 κατὰ
551 1955 589 2029 τό
611 1962 694 2039 εἰκός
721 1959 788 2040 οἶός
817 1987 853 2029 τε
882 1957 928 2028 ών
960 1958 1077 2038 αότοός
1107 1962 1342 2048 πορευομένους

250 2065 372 2148 μᾶλλόν
391 2090 424 2128 τι
443 2063 704 2150 διαχειρίσασθαι
725 2063 781 2126 καί
799 2063 958 2147 πημῆναι,
989 2061 1193 2144 ἐπισπόμενος
1213 2055 1341 2146 όιθρώ-

250 2189 321 2241 ποις
342 2155 402 2248 ἤδη
423 2159 642 2247 κατεπτηχόσι,
676 2165 732 2226 καί
753 2155 820 2228 οἷον
843 2157 947 2248 φυγὴν
967 2157 1025 2244 τὴν
1044 2155 1247 2246 ἀναχώρησιν
1267 2181 1341 2222 ποι-

251 2266 404 2344 ουμένοις·
424 2257 440 2327 ό
460 2264 496 2326 δέ
517 2258 617 2338 εόθός
637 2254 721 2344 ὅμως
743 2257 805 2326 duni
827 2257 885 2344 την
905 2259 997 2324 πόλιν
1023 2259 1153 2346 ἐπανῄει
1182 2257 1220 2321 ου’
1249 2254 1381 2338 μάλαπο

250 2354 350 2441 ἑκών,
377 2354 452 2424 ἀλλ’Δ
476 2361 511 2424 ἐκ
529 2362 685 2441 βασιλέως
705 2352 794 2447 adfigi
823 2360 1097 2444 προστεταγμένον.
1139 2351 1247 2440 ἐπειδὴ
1276 2353 1337 2441 γάρ

250 2457 332 2536 ἅπας
352 2459 370 2524 o‘
389 2461 498 2544 δῆμος,
518 2462 577 2523 τοῦ
587 2457 678 2544 ἔργον
696 2459 808 2545 σφίσιν
827 2453 1070 2542 ἐπηγγελμένον,
1090 2447 1168 2544 ᾖδον
1187 2480 1221 2520 τε
1241 2451 1341 2520 αὐτόν

250 2563 305 2624 καί
322 2553 479 2640 άνόμνοον
501 2556 580 2622 κατὰ
602 2557 780 2641 ξυλλόγοος,
801 2556 846 2632 ώς
865 2553 922 2620 ὁπ’
942 2555 1062 2620 ἐκείνου
1083 2557 1338 2640 περιφανέστατα

317 2682 495 2763 asportatos
514 2693 544 2747 lt.
623 2692 649 2758 4.
669 2691 771 2756 ἥκοντα
791 2692 821 2749 n.
913 2692 940 2748 6.
959 2691 1008 2743 Pro
1027 2687 1063 2744 ἂν
1080 2663 1110 2743 ll.
1129 2687 1168 2758 di.
1272 2689 1336 2742 adr.

317 2761 419 2815 ἃπαντ.
438 2764 478 2827 u,
497 2758 598 2813 ίέπαντ.
617 2762 679 2822 ads.
698 2761 769 2832 vulg.
835 2778 858 2831 7.
876 2761 931 2831 μὲν
947 2763 979 2814 ἐν
997 2769 1057 2819 τοῖς
1074 2762 1144 2831 vulg.
1223 2781 1250 2832 ρ,
1270 2759 1338 2812 δια-

317 2837 498 2904 necessetas
523 2833 551 2881 ll.
666 2850 705 2884 ιι.
738 2834 953 2894 καταξαινοντες
975 2833 1020 2897 lt,
1040 2829 1246 2894 ταταξάνοντες
1262 2832 1335 2901 vulg.

322 2910 360 2961 ιδ.
375 2902 569 2976 ἐπισπόμενος
576 2903 605 2954 R.
623 2901 696 2974 (CL),
713 2902 915 2976 ἐπισπώμενος
931 2903 1003 2972 vulg.

247 3050 303 3104 bat
334 3050 522 3121 caesimque
541 3057 655 3102 senten
677 3050 710 3102 iis
731 3049 839 3103 circiter
856 3051 1057 3122 quadringenti,
1074 3067 1090 3102 e
1109 3051 1235 3103 Romanis
1253 3067 1336 3104 nemo

248 3121 434 3185 desideratus3
460 3123 538 3190 pauci
559 3128 664 3172 tentum
682 3121 832 3173 vulnerati:
860 3138 938 3191 segre
956 3138 1018 3173 vero
1040 3129 1068 3174 et
1092 3121 1227 3192 Zubergnn
1255 3123 1335 3174 lluu-

248 3211 347 3246 norum
366 3191 527 3260 pruesectus,
546 3192 640 3262 etqui
658 3208 766 3243 eumco
786 3195 942 3260 effugerant,
961 3192 1027 3243 laeti
1048 3195 1076 3242 in
1095 3201 1180 3244 castra
1200 3209 1336 3261 pervene-

248 3273 320 3316 runt
364 3263 544 3314 Romanorum
569 3264 642 3312 enim
669 3264 734 3332 equi
764 3261 924 3314 insectando
951 3261 1110 3332 defatigati,
1151 3265 1267 3314 maxime
1294 3265 1336 3314 eis

249 3351 329 3386 truse
354 3333 449 3384 solutis
472 3333 564 3382 luere:
594 3332 719 3403 alioquin
745 3333 779 3383 ad
804 3349 886 3382 unum
905 3350 997 3384 omnes
1025 3351 1057 3385 eo
1077 3331 1122 3384 die
1142 3333 1334 3385 trucidassent.

250 3403 329 3456 Nune
353 3420 417 3456 vero
444 3419 505 3453 curn
533 3400 563 3452 hi
592 3403 620 3452 in
645 3403 746 3453 vallum
771 3404 992 3474 munitionesque
1018 3421 1077 3455 sues
1096 3421 1191 3472 magno
1210 3421 1271 3456 curn
1289 3411 1337 3455 tu-

250 3475 338 3525 multu
356 3473 541 3541 proruissent,
571 3471 708 3544 reliquum
727 3475 882 3524 universum
902 3475 1050 3525 exercitum
1068 3475 1244 3526 vehementer
1268 3492 1337 3526 cou-

251 3544 412 3605 turburunt,
438 3542 524 3592 veluti
544 3545 694 3595 certissimo
713 3546 798 3595 exitio
828 3544 937 3596 iamiam
963 3546 1128 3597 imminente.
1165 3545 1262 3614 lugens
1283 3547 1337 3599 its-

252 3632 306 3684 que
329 3612 506 3663 barbarorum
532 3612 651 3665 eiulatus
678 3613 888 3668 exaudiebatur:
926 3615 1020 3667 cultris
1049 3619 1123 3666 enim
1151 3631 1232 3684 genes
1259 3615 1335 3668 lece-

252 3691 359 3746 rantes,
377 3685 466 3752 patrio
486 3699 560 3736 more
580 3683 716 3754 lugebant.
763 3685 874 3737 Romani
893 3693 983 3736 nutem
1004 3703 1064 3737 cum
1082 3687 1212 3737 Belisnrio
1230 3687 1264 3736 nd
1285 3704 1335 3738 sua

252 3753 407 3817 redierunt,
429 3754 573 3806 remelius
597 3772 678 3824 quem
704 3762 844 3874 sflerurnut
863 3763 950 3824 gesta,
974 3755 1056 3825 digno
1078 3765 1169 3808 temen
1186 3757 1335 3826 prudentia

253 3823 330 3876 ducis
351 3833 458 3881 eventu.
493 3825 604 3877 Barbari
626 3841 691 3877 vero
737 3823 860 3876 occlude
878 3831 1003 3895 accepta,
1029 3828 1109 3879 motis
1129 3829 1220 3879 rtatim
1241 3843 1256 3877 e
1274 3828 1335 3880 Me·

252 3894 374 3946 lantiade
393 3896 497 3956 castris,
516 3903 662 3947 retrorsum
679 3895 781 3962 trepidi
799 3912 909 3948 cessere.
946 3897 1091 3950 Belisnrius
1111 3907 1209 3958 nutem‚
1225 3899 1334 3950 temetsi

250 3963 435 4027 verisimiliter
455 3982 501 4016 eos
520 3965 651 4018 abeuntes
671 3968 773 4017 maiore
797 3975 883 4034 strage
900 3983 930 4018 ne
947 3965 1045 4020 damno
1066 3967 1170 4020 afficere
1188 3970 1334 4037 potuisset,
1370 3997 1381 4014 ι

253 4044 350 4105 utpote
373 4035 497 4088 homines
522 4038 575 4087 ism
594 4045 668 4088 metu
687 4037 825 4105 perculsos
843 4039 997 4101 insectans,
1029 4055 1088 4090 curn
1117 4039 1144 4089 su
1163 4055 1194 4089 ae
1215 4039 1334 4091 similem

255 4105 447 4158 discessionem
473 4107 609 4170 lacerent,
635 4105 814 4158 nihilominus
840 4115 929 4160 tumen
958 4111 1047 4162 statim
1065 4113 1094 4161 in
1120 4057 1215 4160 urlrem
1241 4110 1334 4176 rediit3

254 4175 338 4248 idque
354 4194 410 4231 non
428 4187 482 4230 tam
501 4179 634 4230 exanimi
652 4179 695 4231 sui
707 4179 854 4242 sententis,
872 4195 952 4250 quum
966 4180 1140 4252 imperatoris
1158 4181 1241 4238 iussu.
1264 4179 1332 4233 Cum
