2900 4792
266 165 348 253 318
695 190 904 255 seimus

128 366 194 423 se
205 348 321 417 558ναί
338 338 537 432 ἀσύμφορον.
564 344 678 410 ούιιούν
689 346 724 410 τὸ
743 350 803 428 μὲν
821 341 915 411 ὅλονο
934 345 991 429 τῆς
1008 346 1047 409 δέ
1067 344 1104 411 τύ
1117 346 1282 428 βέλτιστον
1296 348 1351 425 ἐξ·

162 438 460 530 ιῙ·3ἀιρούμενοι,
481 444 537 510 καί
552 446 703 531 φρονήσει
722 444 759 509 τὸ
779 447 959 529 κατορθοῦν
979 442 1205 529 ἀναμιγνύντες
1212 495 1222 526 ,
1249 445 1351 526 ἴωμεν
1439 469 1440 484 ¹

236 540 351 616 οούτω
374 541 433 609 σύν
460 544 623 633 παρρησίᾳ
646 542 726 609 κατὰ
750 547 815 610 τῶν
839 546 1023 626 δυσμενοῖν,
1056 544 1100 621 sic
1124 542 1250 619 ούδενύς
1271 540 1353 628 ἡμῖν

263 646 324 709 τῶν
343 639 473 709 δεόντων
499 645 737 731 περιοφθέντος.
767 646 931 728 γινώσκειν
954 641 1015 731 γὰρ
1033 641 1131 725 μόνον
1152 639 1274 729 χρεύν,
1304 640 1352 717 ὥς

162 756 193 811 V.
208 742 449 826 rridymvtoriov
476 740 555 828 πρὸς
577 735 693 829 ἄνδρας
718 744 920 829 βαρβάρους,
958 744 1081 808 ε’νιιέναι
1095 744 1156 823 μὲν
1174 739 1371 830 incepisti-5

242 834 352 927 Ιτερον
376 842 591 923 εἰθισμένους,
612 840 667 907 καί
685 840 847 929 λαθραίοις
859 840 996 929 ἐφόδους
1009 844 1187 923 ποιεῖσθαι,
1210 836 1292 926 πρδς
1311 842 1351 905 δέ

262 942 453 1027 παρατάξεις
479 946 631 1027 ἐμφανεῖς
663 934 701 1005 ού
733 939 821 1023 μύλα
845 942 1139 1026 γεγυμνασμένους,
1174 937 1251 1004 ouidi
1277 946 1350 1014 ταῖς

263 1047 457 1122 συμπλοκαῖς
473 1044 670 1127 έγιιαρτερεῖν
683 1042 921 1117 παιδευθέντας.
941 1039 1076 1125 δρῶντες
1090 1041 1127 1105 δέ
1140 1040 1197 1104 νῦν
1208 1039 1348 1103 σταδίαν

261 1137 369 1224 μαχὴν
385 1145 452 1205 κατ’
468 1142 573 1205 adesis
591 1141 900 1225 παρεσκευασμένην,
919 1137 1084 1225 δραμάτων
1114 1161 1148 1205 τε
1180 1139 1236 1203 καί
1257 1161 1351 1223 περι-

262 1238 366 1321 βόλων
381 1236 469 1315 ἐκτὸς
487 1236 524 1304 τὸ
551 1238 759 1305 δντιστοτοδν
777 1236 834 1303 καί
853 1232 1052 1321 ύμυνύμενον
1065 1235 1120 1301 έπί
1134 1237 1394 1322 στρατοπέδουιο

263 1342 525 1422 συντεταγμένον,
561 1332 756 1419 ἀποβαλοῦσι
778 1340 839 1419 μὲν
855 1335 937 1403 κατὰ
960 1334 996 1402 τύ
1026 1334 1111 1413 sisic
1139 1334 1181 1401 τὰ
1204 1338 1351 1401 συνειθι-

229 1440 376 1521 napea·
404 1440 673 1523 περιαχθὴσονται
691 1440 728 1503 δέ
748 1435 827 1521 πρὸς
844 1439 880 1503 τὸ
906 1437 1039 1519 έμμίξαε
1057 1434 1113 1499 καί
1132 1432 1352 1520 προσπελᾶσαι

263 1539 321 1601 καί
337 1537 495 1621 συστάδην
517 1534 783 1619 διαγωνιζεοθαι,
814 1536 1021 1621 διδασκούσης
1037 1532 1155 1611 αύτούς
1177 1537 1232 1619 τῆς
1252 1531 1353 1616 ἄναγ-

265 1660 330 1720 κης·
359 1634 439 1719 πλὴν
468 1634 550 1699 ditat
575 1630 824 1719 σωφρονούντων
851 1634 944 1719 ἡμῶν
968 1633 1024 1699 καί
1047 1638 1088 1721 τῇ
1114 1632 1233 1722 πατρίφ
1264 1628 1353 1710 τάξει

264 1736 453 1821 χρωμένων,
490 1732 546 1799 καί
562 1738 631 1816 μετ’
651 1728 819 1816 εὐβουλίας
842 1735 898 1799 έπί
918 1732 959 1799 τύ
984 1736 1125 1819 πρακτέα
1150 1730 1393 1819 χωρούντων,ιὸ

263 1833 403 1898 εἴσονται
425 1832 479 1899 διαὶ
501 1837 558 1918 τῆς
572 1837 691 1919 πείρας,
714 1833 760 1909 οὖς
779 1836 825 1923 τῷ
845 1836 942 1899 παντί
964 1841 1106 1919 κρεῖττον
1123 1832 1177 1897 οἷοί
1197 1830 1233 1898 τδ
1251 1854 1352 1918 προκρ-

263 1936 417 2017 σνημένσν
445 1931 501 1999 καὶ
536 1933 570 1999 τὸ
592 1926 784 2019 αύθαίρετον
805 1936 864 1999 τού
896 1929 1106 2015 αύτοσχεδιου
1133 1931 1189 1997 καί
1211 1930 1353 2017 ἠναγκα-

263 2034 411 2114 aymo„

347 2130 400 2197 ιβ’.
446 2135 592 2199 Τοσαῦτα
612 2134 671 2215 μὲν
689 2132 911 2219 ύΒελισύριος
936 2125 1032 2198 eines.
1073 2127 1103 2196 oi
1132 2132 1170 2196 δέ
1196 2131 1353 2215 στρατιό-
1439 2143 1440 2148 ’

265 2257 319 2297 ται
339 2228 575 2315 μεταμαθύιτες
599 2230 635 2297 τὸ
651 2232 749 2320 λῷον,
778 2229 898 2314 εἴχοντο
912 2234 972 2313 μὲν
993 2229 1049 2296 καί
1062 2228 1107 2307 ιύς
1129 2235 1187 2316 τῆς
1203 2225 1391 2312 detortum
1439 2237 1440 2244 '

267 2332 363 2397 πλέον
384 2332 421 2397 δέ
436 2357 469 2396 τι
485 2325 526 2415 ἦν
547 2334 582 2399 έν
598 2324 709 2407 αύτοῖς
730 2334 787 2396 τοῦ
804 2334 1020 2419 γαυρουμένου
1045 2329 1082 2395 so*
1104 2326 1352 2410 εὐλαβούμενον.

338 2463 411 2531 ι.τό
427 2474 483 2546 μὲν
509 2470 641 2537 δλοντῆς
660 2470 856 2563 ttlt.,1nspr.
875 2476 1008 2543 quocirca
1028 2492 1062 2529 ιτ
1081 2490 1116 2527 ea
1134 2474 1195 2544 ipss
1298 2488 1351 2541 po·

335 2546 412 2599 tiore
429 2542 654 2629 suntdsit'pesdo,
676 2544 784 2597 οδκούν
800 2562 832 2596 το
852 2545 907 2617 μὲν
920 2545 994 2667 βαι.)
1014 2534 1048 2597 τύ
1069 2545 1125 2613 pti.
1146 2545 1204 2611 Lug
1224 2584 1231 2597 .
1250 2548 1279 2592 et
1306 2540 1348 2593 ed

335 2634 388 2739 φα,
409 2613 518 2669 οιίκοῦν
536 2630 586 2679 τοι
613 2614 668 2685 μὲν
692 2612 784 2684 ἀρχῆς
799 2612 831 2667 τδ
849 2616 902 2683 μέλ.
941 2633 977 2667 nr.
1047 2615 1073 2670 5.
1092 2614 1274 2684 ἀγωνιστέων
1288 2610 1349 2681 spb.

356 2704 395 2742 ετ.
451 2678 488 2739 νύ
508 2687 719 2756 προσκείμενον
736 2688 764 2738 R.
817 2703 856 2757 ιγ.
875 2687 1026 2758 αναίρετον
1042 2686 1072 2739 rt
1108 2702 1151 2740 πο.
1167 2680 1302 2753 ἀνδρείας
1318 2682 1348 2735 R.

267 2846 402 2917 Quocirca
433 2844 463 2897 ld
482 2844 556 2917 quod
573 2844 603 2899 in
626 2846 666 2899 irn
685 2854 726 2899 est
744 2848 876 2917 optimum
902 2846 1066 2918 deligentes,
1084 2842 1286 2917 prudentiaque
1306 2856 1351 2894 res

266 2916 395 2989 gerendus
413 2922 611 2987 temperantes,
631 2918 670 2969 ita
686 2916 795 2970 demum
816 2918 932 2971 fidenter
949 2920 978 2969 in
1004 2918 1110 2971 bostem
1128 2930 1229 2977 eamus,
1246 2912 1352 2983 quippe

267 2991 318 3060 qui
340 2986 412 3040 nibil
437 3004 546 3052 eorum,
571 3004 641 3059 qnae
657 2988 811 3041 necessaris
836 2997 907 3052 sunt,
924 2990 1130 3057 neglexerimus.
1166 2988 1226 3039 iioc
1242 2992 1351 3036 tantun

265 3060 381 3113 sciamus
405 3066 530 3129 oportet,
555 3058 749 3111 decertandum
771 3058 852 3111 nobis
872 3074 929 3113 esse
957 3078 1018 3111 cnm
1035 3058 1193 3111 bominibus
1216 3054 1352 3117 barbaris,

266 3131 317 3201 qui
334 3126 503 3199 praedonum
520 3132 550 3181 in
567 3144 670 3181 morem
695 3130 798 3183 adoriri
821 3130 999 3199 occultosque
1024 3130 1142 3182 insultus
1168 3128 1257 3179 iacere
1282 3142 1351 3177 con-

264 3202 430 3263 sueverunt,
447 3200 481 3252 nd
499 3206 593 3269 apertu
610 3216 674 3252 vero
691 3201 797 3270 proelio
814 3214 871 3252 non
887 3198 1035 3253 admodum
1051 3208 1117 3253 sunt
1130 3196 1281 3259 exercitati,
1298 3210 1352 3247 nc-

266 3287 322 3342 que
340 3270 370 3321 in
388 3268 559 3323 conflictibus
577 3269 724 3339 perdurare
742 3270 823 3323 docti.
847 3270 928 3323 Nunc
943 3279 1033 3324 autem
1053 3278 1193 3323 cernentes
1210 3267 1352 3319 ststsrinm

266 3358 386 3412 pugnem
404 3342 478 3393 inse
496 3342 636 3411 nppsrnri,
655 3351 685 3394 et
700 3350 776 3394 extra
794 3340 895 3393 vallum
915 3342 1116 3413 propugnacula
1136 3349 1166 3394 et
1182 3354 1274 3389 muros
1294 3338 1352 3389 vim

267 3428 376 3465 omnem
393 3410 546 3465 obsistendi
565 3426 597 3462 ec
608 3412 788 3482 propulsandi
805 3410 834 3461 in
850 3414 971 3464 exercitu
988 3414 1180 3473 constitutam,
1197 3408 1353 3476 deposituri

267 3490 334 3535 sunt
350 3482 535 3534 verisimiliter
554 3490 674 3535 veterem
697 3500 775 3535 susm
797 3482 1037 3548 consuetudinem,
1064 3500 1151 3554 eoque
1170 3478 1352 3540 adducentur,

266 3558 301 3603 ut
317 3554 459 3604 nobiseum
480 3553 643 3606 misceantur
669 3561 698 3605 et
719 3554 818 3606 collato
843 3552 913 3622 pede
937 3557 1017 3606 armis
1044 3552 1208 3614 decernant,
1231 3549 1351 3601 docente

266 3624 342 3689 ipsos
362 3626 533 3680 necessitate.
569 3622 654 3676 Vobis
679 3639 744 3677 vero
767 3622 917 3694 prudenter
933 3642 991 3677 rem
1017 3624 1174 3696 gerentibus
1204 3622 1351 3692 patrioque

267 3690 365 3744 ordine
390 3711 421 3745 ac
448 3692 592 3762 disciplina
614 3694 757 3747 utentibus
784 3695 905 3747 notiones
945 3712 961 3748 e
993 3704 1098 3748 nostras
1123 3702 1197 3748 recto
1231 3689 1350 3742 consilio

267 3760 489 3829 moderantibus,
499 3772 662 3834 cognoscent
676 3766 775 3835 reipsa,
791 3767 913 3836 quantoi
934 3765 1030 3837 ,quod
1044 3766 1351 3819 exercitationenostrs·

267 3848 321 3901 que
352 3834 492 3887 voluntate
518 3844 546 3886 et
568 3834 659 3888 studio
687 3843 730 3888 est
753 3837 933 3909 acquisitum,
957 3853 992 3888 ex
1018 3837 1182 3908 temporsrio
1206 3840 1236 3885 et
1255 3838 1349 3883 cosoto

266 3917 372 3970 semper
387 3905 424 3957 sit
441 3906 646 3975 praestantius.“

340 3992 378 4045 tp
415 3974 464 4026 liis
483 3976 562 4029 dietis
579 3976 724 4029 Betiserius
744 3976 827 4029 finern
851 3976 924 4029 iecit
961 3973 1076 4029 Romani
1092 3992 1157 4029 vero
1184 3974 1350 4042 resipiscen-

265 4048 321 4107 tes,
350 4046 521 4101 retinuerunt
544 4046 657 4117 quidem
684 4050 767 4099 etiam
793 4050 831 4101 ita
854 4044 1061 4112 fortitudinem,
1076 4046 1230 4118 piuscnlum
1254 4052 1349 4096 temen

267 4113 335 4183 qnid
359 4117 399 4169 eis
419 4118 508 4171 inerat
529 4118 788 4191 circumspectionis,
810 4136 892 4191 quem
911 4120 1070 4184 iactantiae,
1093 4126 1122 4171 et
1137 4117 1186 4171 uti
1210 4116 1269 4170 iere
1284 4115 1347 4167 sni·-
