<?xml version="1.0" encoding="UTF-8"?>
<!DOCTYPE html PUBLIC "-//W3C//DTD XHTML 1.0 Transitional//EN"
    "http://www.w3.org/TR/xhtml1/DTD/xhtml1-transitional.dtd">
<html xmlns="http://www.w3.org/1999/xhtml" xml:lang="en" lang="en">
 <head>
  <title>
</title>
<meta http-equiv="Content-Type" content="text/html;charset=utf-8" />
  <meta name='ocr-system' content='tesseract 3.04.00' />
  <meta name='ocr-capabilities' content='ocr_page ocr_carea ocr_par ocr_line ocrx_word'/>
</head>
<body>
  <div class='ocr_page' id='page_1' title='image "./corpusscriptoru55theogoog/corpusscriptoru55theogoog_0373.png"; bbox 0 0 2900 4792; ppageno 0'>
   <div class='ocr_carea' id='block_1_1' title="bbox 417 238 1200 329">
    <p class='ocr_par' dir='ltr' id='par_1_1' title="bbox 417 238 1200 329">
     <span class='ocr_line' id='line_1_1' title="bbox 417 238 1200 329; baseline 0.013 -19"><span class='ocrx_word' id='word_1_1' title='bbox 417 244 700 313; x_wconf 79' lang='lat' dir='ltr'><strong>ursrouuuuu</strong></span> <span class='ocrx_word' id='word_1_2' title='bbox 730 251 769 312; x_wconf 89' lang='lat' dir='ltr'><strong>v.</strong></span> <span class='ocrx_word' id='word_1_3' title='bbox 795 255 847 318; x_wconf 89' lang='lat'><strong>10.</strong></span> <span class='ocrx_word' id='word_1_4' title='bbox 1110 238 1200 329; x_wconf 79' lang='lat'><strong>299</strong></span> 
     </span>
    </p>
   </div>
   <div class='ocr_carea' id='block_1_2' title="bbox 81 392 1339 2379">
    <p class='ocr_par' dir='ltr' id='par_1_2' title="bbox 81 392 1339 2379">
     <span class='ocr_line' id='line_1_2' title="bbox 110 392 1339 489; baseline 0.007 -29"><span class='ocrx_word' id='word_1_5' title='bbox 110 396 298 489; x_wconf 28' lang='lat' dir='ltr'><strong>rp&#39;duelptp</strong></span> <span class='ocrx_word' id='word_1_6' title='bbox 319 398 410 465; x_wconf 78' lang='grc' dir='ltr'><strong><em>αῑοῦνι</em></strong></span> <span class='ocrx_word' id='word_1_7' title='bbox 433 404 657 488; x_wconf 74' lang='grc' dir='ltr'><strong><em>συμφέρεσθαι</em></strong></span> <span class='ocrx_word' id='word_1_8' title='bbox 679 405 816 485; x_wconf 76' lang='grc' dir='ltr'><strong><em>λέγουσι·</em></strong></span> <span class='ocrx_word' id='word_1_9' title='bbox 841 400 898 465; x_wconf 89' lang='grc' dir='ltr'><strong>νῦν</strong></span> <span class='ocrx_word' id='word_1_10' title='bbox 915 400 975 481; x_wconf 71' lang='grc' dir='ltr'><strong><em>μὲν</em></strong></span> <span class='ocrx_word' id='word_1_11' title='bbox 991 392 1119 483; x_wconf 74' lang='grc' dir='ltr'><strong><em>δχαδῦς</em></strong></span> <span class='ocrx_word' id='word_1_12' title='bbox 1137 394 1265 467; x_wconf 71' lang='lat' dir='ltr'><strong>astae</strong></span> <span class='ocrx_word' id='word_1_13' title='bbox 1284 409 1339 468; x_wconf 70' lang='lat'><strong>358</strong></span> 
     </span>
     <span class='ocr_line' id='line_1_3' title="bbox 109 484 1304 588; baseline 0 -27"><span class='ocrx_word' id='word_1_14' title='bbox 109 498 322 579; x_wconf 71' lang='grc' dir='ltr'><strong>εὐδαίμονας,</strong></span> <span class='ocrx_word' id='word_1_15' title='bbox 354 500 412 564; x_wconf 87' lang='grc' dir='ltr'><strong>νῦν</strong></span> <span class='ocrx_word' id='word_1_16' title='bbox 438 501 473 565; x_wconf 86' lang='grc' dir='ltr'><strong>δέ</strong></span> <span class='ocrx_word' id='word_1_17' title='bbox 493 498 660 585; x_wconf 77' lang='grc' dir='ltr'><strong><em>μοχθηρὰς</em></strong></span> <span class='ocrx_word' id='word_1_18' title='bbox 678 498 733 565; x_wconf 70' lang='grc' dir='ltr'><strong><em>κατ’</em></strong></span> <span class='ocrx_word' id='word_1_19' title='bbox 747 494 952 588; x_wconf 81' lang='grc' dir='ltr'><strong><em>όποφρόδας,</em></strong></span> <span class='ocrx_word' id='word_1_20' title='bbox 978 493 1065 563; x_wconf 77' lang='grc' dir='ltr'><strong><em>εἶναι’</em></strong></span> <span class='ocrx_word' id='word_1_21' title='bbox 1083 521 1117 563; x_wconf 85' lang='grc' dir='ltr'><strong><em>τε</em></strong></span> <span class='ocrx_word' id='word_1_22' title='bbox 1135 485 1250 580; x_wconf 72' lang='grc' dir='ltr'><strong>τόνιι</strong></span> <span class='ocrx_word' id='word_1_23' title='bbox 1269 484 1304 537; x_wconf 70' lang='lat'><strong>³²</strong></span> 
     </span>
     <span class='ocr_line' id='line_1_4' title="bbox 113 593 1204 683; baseline 0 -22"><span class='ocrx_word' id='word_1_24' title='bbox 113 596 278 679; x_wconf 86' lang='grc' dir='ltr'><strong><em>παροῦσαν</em></strong></span> <span class='ocrx_word' id='word_1_25' title='bbox 301 596 478 683; x_wconf 78' lang='grc' dir='ltr'><strong><em>περιφορὰν</em></strong></span> <span class='ocrx_word' id='word_1_26' title='bbox 497 601 532 665; x_wconf 78' lang='grc' dir='ltr'><strong>ἑκ</strong></span> <span class='ocrx_word' id='word_1_27' title='bbox 559 599 933 665; x_wconf 59' lang='lat' dir='ltr'><strong>ferreummontem</strong></span> <span class='ocrx_word' id='word_1_28' title='bbox 953 596 1009 663; x_wconf 76' lang='lat' dir='ltr'><strong>sui</strong></span> <span class='ocrx_word' id='word_1_29' title='bbox 1029 593 1204 662; x_wconf 65' lang='lat' dir='ltr'><strong>duuws&#39;mv*</strong></span> 
     </span>
     <span class='ocr_line' id='line_1_5' title="bbox 115 696 1237 781; baseline -0.004 -20"><span class='ocrx_word' id='word_1_30' title='bbox 115 696 261 761; x_wconf 72' lang='grc' dir='ltr'><strong><em>ἐντεῦθεν</em></strong></span> <span class='ocrx_word' id='word_1_31' title='bbox 284 700 449 781; x_wconf 77' lang='grc' dir='ltr'><em>τοιγαροῦν</em></span> <span class='ocrx_word' id='word_1_32' title='bbox 475 702 632 779; x_wconf 79' lang='grc' dir='ltr'><strong><em>πολέμους</em></strong></span> <span class='ocrx_word' id='word_1_33' title='bbox 654 723 688 765; x_wconf 84' lang='grc' dir='ltr'><strong><em>τε</em></strong></span> <span class='ocrx_word' id='word_1_34' title='bbox 713 698 898 781; x_wconf 75' lang='grc' dir='ltr'><strong><em>ἁπανταχοῦ</em></strong></span> <span class='ocrx_word' id='word_1_35' title='bbox 917 696 1122 777; x_wconf 59' lang='lat' dir='ltr'><strong>evremarum</strong></span> <span class='ocrx_word' id='word_1_36' title='bbox 1143 697 1237 765; x_wconf 80' lang='grc' dir='ltr'><strong><em>καδΒ,</em></strong></span> 
     </span>
     <span class='ocr_line' id='line_1_6' title="bbox 93 790 1200 883; baseline -0.002 -25"><span class='ocrx_word' id='word_1_37' title='bbox 93 792 242 871; x_wconf 67' lang='lat' dir='ltr'><strong>frondosae</strong></span> <span class='ocrx_word' id='word_1_38' title='bbox 268 806 337 873; x_wconf 84' lang='grc' dir='ltr'><strong><em>ταῖς</em></strong></span> <span class='ocrx_word' id='word_1_39' title='bbox 359 794 486 878; x_wconf 83' lang='grc' dir='ltr'><strong><em>πόλισι,</em></strong></span> <span class='ocrx_word' id='word_1_40' title='bbox 514 797 624 864; x_wconf 75' lang='grc' dir='ltr'><strong><em>καὶτὰ</em></strong></span> <span class='ocrx_word' id='word_1_41' title='bbox 647 795 787 883; x_wconf 75' lang='grc' dir='ltr'><strong><em>λοιμώδη</em></strong></span> <span class='ocrx_word' id='word_1_42' title='bbox 811 798 902 883; x_wconf 76' lang='grc' dir='ltr'><strong><em>πάθη</em></strong></span> <span class='ocrx_word' id='word_1_43' title='bbox 925 794 1044 880; x_wconf 83' lang='grc' dir='ltr'><strong><em>μόνιμό</em></strong></span> <span class='ocrx_word' id='word_1_44' title='bbox 1060 820 1096 859; x_wconf 78' lang='grc' dir='ltr'><strong><em>τε</em></strong></span> <span class='ocrx_word' id='word_1_45' title='bbox 1117 790 1200 860; x_wconf 81' lang='grc' dir='ltr'><strong><em>εἶναι</em></strong></span> 
     </span>
     <span class='ocr_line' id='line_1_7' title="bbox 114 888 1204 985; baseline 0.002 -26"><span class='ocrx_word' id='word_1_46' title='bbox 114 888 172 959; x_wconf 69' lang='grc' dir='ltr'><strong><em>κατ’</em></strong></span> <span class='ocrx_word' id='word_1_47' title='bbox 197 900 390 980; x_wconf 85' lang='grc' dir='ltr'><strong><em>συνημμένα.</em></strong></span> <span class='ocrx_word' id='word_1_48' title='bbox 426 898 526 983; x_wconf 77' lang='grc' dir='ltr'><strong><em>ἕτεροι</em></strong></span> <span class='ocrx_word' id='word_1_49' title='bbox 548 900 583 963; x_wconf 81' lang='grc' dir='ltr'><strong>δέ</strong></span> <span class='ocrx_word' id='word_1_50' title='bbox 607 894 702 985; x_wconf 77' lang='grc' dir='ltr'><strong><em>όρηην</em></strong></span> <span class='ocrx_word' id='word_1_51' title='bbox 726 902 788 963; x_wconf 88' lang='grc' dir='ltr'><strong><em>τοῦ</em></strong></span> <span class='ocrx_word' id='word_1_52' title='bbox 799 899 972 983; x_wconf 77' lang='grc' dir='ltr'><strong><em>κρείττονος</em></strong></span> <span class='ocrx_word' id='word_1_53' title='bbox 993 898 1097 962; x_wconf 81' lang='grc' dir='ltr'><strong><em>αἰτίαν</em></strong></span> <span class='ocrx_word' id='word_1_54' title='bbox 1118 890 1204 961; x_wconf 77' lang='grc' dir='ltr'><strong><em>εἷναί</em></strong></span> 
     </span>
     <span class='ocr_line' id='line_1_8' title="bbox 116 992 1201 1081; baseline -0.001 -22"><span class='ocrx_word' id='word_1_55' title='bbox 116 1018 200 1081; x_wconf 81' lang='grc' dir='ltr'><strong><em>φασι</em></strong></span> <span class='ocrx_word' id='word_1_56' title='bbox 221 998 276 1078; x_wconf 78' lang='grc' dir='ltr'><strong>τῆς</strong></span> <span class='ocrx_word' id='word_1_57' title='bbox 300 997 440 1081; x_wconf 80' lang='grc' dir='ltr'><strong><em>φθορᾶς,</em></strong></span> <span class='ocrx_word' id='word_1_58' title='bbox 471 998 643 1077; x_wconf 77' lang='grc' dir='ltr'><strong><em>μετιοῦσαν</em></strong></span> <span class='ocrx_word' id='word_1_59' title='bbox 666 992 762 1077; x_wconf 78' lang='grc' dir='ltr'><strong><em>ἄξιὀος</em></strong></span> <span class='ocrx_word' id='word_1_60' title='bbox 781 995 821 1063; x_wconf 80' lang='grc' dir='ltr'><strong><em>τό</em></strong></span> <span class='ocrx_word' id='word_1_61' title='bbox 843 1000 902 1062; x_wconf 87' lang='grc' dir='ltr'><strong><em>τοῦ</em></strong></span> <span class='ocrx_word' id='word_1_62' title='bbox 923 993 1124 1081; x_wconf 71' lang='grc' dir='ltr'><strong><em>ἀνθρωπείου</em></strong></span> <span class='ocrx_word' id='word_1_63' title='bbox 1147 994 1201 1077; x_wconf 78' lang='grc' dir='ltr'><strong>χέ-</strong></span> 
     </span>
     <span class='ocr_line' id='line_1_9' title="bbox 116 1091 1202 1181; baseline -0.001 -24"><span class='ocrx_word' id='word_1_64' title='bbox 116 1117 190 1171; x_wconf 90' lang='grc' dir='ltr'><strong><em>νους</em></strong></span> <span class='ocrx_word' id='word_1_65' title='bbox 210 1091 409 1178; x_wconf 80' lang='grc' dir='ltr'><strong><em>οἶδικήματα,</em></strong></span> <span class='ocrx_word' id='word_1_66' title='bbox 433 1098 489 1160; x_wconf 69' lang='grc' dir='ltr'><strong><em>κατ’</em></strong></span> <span class='ocrx_word' id='word_1_67' title='bbox 508 1094 543 1161; x_wconf 89' lang='grc' dir='ltr'><strong><em>τό</em></strong></span> <span class='ocrx_word' id='word_1_68' title='bbox 558 1100 676 1181; x_wconf 74' lang='grc' dir='ltr'><strong><em>πλῆθος</em></strong></span> <span class='ocrx_word' id='word_1_69' title='bbox 692 1097 956 1180; x_wconf 82' lang='grc' dir='ltr'><strong><em>δποτεμνομένην.</em></strong></span> <span class='ocrx_word' id='word_1_70' title='bbox 977 1094 1049 1177; x_wconf 81' lang='grc' dir='ltr'><strong><em>ἑμοό</em></strong></span> <span class='ocrx_word' id='word_1_71' title='bbox 1065 1096 1101 1159; x_wconf 83' lang='grc' dir='ltr'><strong>δέ</strong></span> <span class='ocrx_word' id='word_1_72' title='bbox 1116 1097 1202 1158; x_wconf 90' lang='grc' dir='ltr'><strong><em>διαι-</em></strong></span> 
     </span>
     <span class='ocr_line' id='line_1_10' title="bbox 116 1188 1203 1283; baseline -0.001 -27"><span class='ocrx_word' id='word_1_73' title='bbox 116 1195 176 1280; x_wconf 79' lang='grc' dir='ltr'><strong>τᾷν</strong></span> <span class='ocrx_word' id='word_1_74' title='bbox 197 1188 329 1280; x_wconf 76' lang='grc' dir='ltr'><strong><em>ἑκατέρᾳ</em></strong></span> <span class='ocrx_word' id='word_1_75' title='bbox 350 1192 424 1283; x_wconf 79' lang='grc' dir='ltr'><strong><em>δόξῃ</em></strong></span> <span class='ocrx_word' id='word_1_76' title='bbox 449 1193 506 1258; x_wconf 71' lang='lat' dir='ltr'><strong>nat</strong></span> <span class='ocrx_word' id='word_1_77' title='bbox 529 1196 767 1281; x_wconf 71' lang='grc' dir='ltr'><strong><em>ἀποφαίνεσθαι</em></strong></span> <span class='ocrx_word' id='word_1_78' title='bbox 800 1192 859 1280; x_wconf 79' lang='grc' dir='ltr'><strong>την</strong></span> <span class='ocrx_word' id='word_1_79' title='bbox 894 1189 1110 1281; x_wconf 63' lang='grc' dir='ltr'><strong><em>ἀληθεστάτην</em></strong></span> <span class='ocrx_word' id='word_1_80' title='bbox 1144 1191 1203 1256; x_wconf 71' lang='lat' dir='ltr'><strong>orire</strong></span> 
     </span>
     <span class='ocr_line' id='line_1_11' title="bbox 81 1290 1203 1385; baseline 0.002 -30"><span class='ocrx_word' id='word_1_81' title='bbox 81 1294 322 1378; x_wconf 81' lang='grc' dir='ltr'><strong><em>ιοέγχειρητέα,</em></strong></span> <span class='ocrx_word' id='word_1_82' title='bbox 343 1290 441 1376; x_wconf 86' lang='grc' dir='ltr'><strong><em>τυχόν</em></strong></span> <span class='ocrx_word' id='word_1_83' title='bbox 459 1296 518 1375; x_wconf 83' lang='grc' dir='ltr'><strong><em>μὲν</em></strong></span> <span class='ocrx_word' id='word_1_84' title='bbox 534 1296 610 1359; x_wconf 86' lang='grc' dir='ltr'><strong><em>οόδέ</em></strong></span> <span class='ocrx_word' id='word_1_85' title='bbox 629 1296 836 1385; x_wconf 75' lang='grc' dir='ltr'><strong><em>ἐπισταμένῳ,</em></strong></span> <span class='ocrx_word' id='word_1_86' title='bbox 856 1292 957 1378; x_wconf 86' lang='grc' dir='ltr'><strong><em>τυχόν</em></strong></span> <span class='ocrx_word' id='word_1_87' title='bbox 977 1297 1021 1375; x_wconf 82' lang='grc' dir='ltr'><strong>δὲ,</strong></span> <span class='ocrx_word' id='word_1_88' title='bbox 1038 1295 1069 1357; x_wconf 82' lang='grc' dir='ltr'><strong>εἰ</strong></span> <span class='ocrx_word' id='word_1_89' title='bbox 1087 1291 1142 1357; x_wconf 70' lang='grc' dir='ltr'><strong><em>κατ’</em></strong></span> <span class='ocrx_word' id='word_1_90' title='bbox 1156 1294 1203 1357; x_wconf 80' lang='lat' dir='ltr'><strong>ei·</strong></span> 
     </span>
     <span class='ocr_line' id='line_1_12' title="bbox 118 1386 1203 1478; baseline -0.001 -22"><span class='ocrx_word' id='word_1_91' title='bbox 118 1390 222 1475; x_wconf 85' lang='grc' dir='ltr'><strong><em>δειήν,</em></strong></span> <span class='ocrx_word' id='word_1_92' title='bbox 254 1386 323 1455; x_wconf 76' lang='grc' dir='ltr'><strong>ἀλλ’</strong></span> <span class='ocrx_word' id='word_1_93' title='bbox 346 1393 403 1455; x_wconf 78' lang='lat' dir='ltr'><strong>orire</strong></span> <span class='ocrx_word' id='word_1_94' title='bbox 426 1394 597 1477; x_wconf 80' lang='grc' dir='ltr'><strong><em>α’ναχκαῖον</em></strong></span> <span class='ocrx_word' id='word_1_95' title='bbox 621 1391 713 1459; x_wconf 87' lang='grc' dir='ltr'><strong><em>τοῦτό</em></strong></span> <span class='ocrx_word' id='word_1_96' title='bbox 737 1419 774 1478; x_wconf 74' lang='grc' dir='ltr'><strong>γε</strong></span> <span class='ocrx_word' id='word_1_97' title='bbox 794 1390 875 1459; x_wconf 72' lang='grc' dir='ltr'><strong><em>εἶναι</em></strong></span> <span class='ocrx_word' id='word_1_98' title='bbox 901 1395 1023 1475; x_wconf 77' lang='grc' dir='ltr'><strong><em>δοκοῦν,</em></strong></span> <span class='ocrx_word' id='word_1_99' title='bbox 1058 1386 1133 1456; x_wconf 75' lang='lat' dir='ltr'><strong>aiot</strong></span> <span class='ocrx_word' id='word_1_100' title='bbox 1159 1394 1203 1478; x_wconf 74' lang='grc' dir='ltr'><strong><em>τῷ</em></strong></span> 
     </span>
     <span class='ocr_line' id='line_1_13' title="bbox 118 1486 1206 1579; baseline 0 -24"><span class='ocrx_word' id='word_1_101' title='bbox 118 1486 254 1575; x_wconf 85' lang='grc' dir='ltr'><strong><em>παρόντι</em></strong></span> <span class='ocrx_word' id='word_1_102' title='bbox 270 1488 350 1579; x_wconf 74' lang='grc' dir='ltr'><strong><em>λόγῳ</em></strong></span> <span class='ocrx_word' id='word_1_103' title='bbox 368 1495 536 1577; x_wconf 80' lang='grc' dir='ltr'><strong><em>προσῆκον·</em></strong></span> <span class='ocrx_word' id='word_1_104' title='bbox 563 1492 663 1573; x_wconf 88' lang='grc' dir='ltr'><strong><em>μόνου</em></strong></span> <span class='ocrx_word' id='word_1_105' title='bbox 688 1493 747 1579; x_wconf 76' lang='grc' dir='ltr'><strong>γάρ</strong></span> <span class='ocrx_word' id='word_1_106' title='bbox 770 1516 828 1575; x_wconf 91' lang='grc' dir='ltr'><strong>μοι</strong></span> <span class='ocrx_word' id='word_1_107' title='bbox 848 1496 907 1557; x_wconf 89' lang='grc' dir='ltr'><strong><em>τοῦ</em></strong></span> <span class='ocrx_word' id='word_1_108' title='bbox 926 1492 1160 1576; x_wconf 81' lang='grc' dir='ltr'><strong><em>συμβεβηκότος</em></strong></span> <span class='ocrx_word' id='word_1_109' title='bbox 1175 1490 1206 1555; x_wconf 77' lang='grc' dir='ltr'><strong>εἰ</strong></span> 
     </span>
     <span class='ocr_line' id='line_1_14' title="bbox 119 1586 1211 1681; baseline -0.002 -26"><span class='ocrx_word' id='word_1_110' title='bbox 119 1594 177 1657; x_wconf 74' lang='grc' dir='ltr'><strong><em>κατ’</em></strong></span> <span class='ocrx_word' id='word_1_111' title='bbox 192 1589 245 1655; x_wconf 78' lang='grc' dir='ltr'><strong>διὰ</strong></span> <span class='ocrx_word' id='word_1_112' title='bbox 261 1592 408 1677; x_wconf 81' lang='grc' dir='ltr'><strong><em>βραχέαι</em></strong></span> <span class='ocrx_word' id='word_1_113' title='bbox 440 1592 681 1677; x_wconf 71' lang='grc' dir='ltr'><strong><em>έπεμνησδέντι,</em></strong></span> <span class='ocrx_word' id='word_1_114' title='bbox 712 1592 800 1681; x_wconf 77' lang='grc' dir='ltr'><strong><em>ὁτῆς</em></strong></span> <span class='ocrx_word' id='word_1_115' title='bbox 818 1590 958 1679; x_wconf 75' lang='grc' dir='ltr'><strong><em>ἱστορίας</em></strong></span> <span class='ocrx_word' id='word_1_116' title='bbox 978 1586 1211 1677; x_wconf 55' lang='lat' dir='ltr'><strong>inemptum.</strong></span> 
     </span>
     <span class='ocr_line' id='line_1_15' title="bbox 119 1686 293 1771; baseline -0.011 -14"><span class='ocrx_word' id='word_1_117' title='bbox 119 1714 173 1757; x_wconf 85' lang='grc' dir='ltr'><strong>ται</strong></span> <span class='ocrx_word' id='word_1_118' title='bbox 191 1686 293 1771; x_wconf 88' lang='grc' dir='ltr'><strong><em>νόμος.</em></strong></span> 
     </span>
     <span class='ocr_line' id='line_1_16' title="bbox 85 1779 1202 1877; baseline 0.001 -27"><span class='ocrx_word' id='word_1_119' title='bbox 85 1786 121 1850; x_wconf 79' lang='lat'><strong>15</strong></span> <span class='ocrx_word' id='word_1_120' title='bbox 205 1789 259 1855; x_wconf 89' lang='grc' dir='ltr'><strong><em>ια’.</em></strong></span> <span class='ocrx_word' id='word_1_121' title='bbox 304 1788 431 1857; x_wconf 83' lang='grc' dir='ltr'><strong><em>Τοότων</em></strong></span> <span class='ocrx_word' id='word_1_122' title='bbox 449 1794 485 1857; x_wconf 81' lang='grc' dir='ltr'><strong>δὲ</strong></span> <span class='ocrx_word' id='word_1_123' title='bbox 502 1786 585 1857; x_wconf 78' lang='grc' dir='ltr'><strong><em>οὕτω</em></strong></span> <span class='ocrx_word' id='word_1_124' title='bbox 596 1797 853 1877; x_wconf 71' lang='grc' dir='ltr'><strong><em>ξυνενεχθένταν,</em></strong></span> <span class='ocrx_word' id='word_1_125' title='bbox 873 1795 1034 1877; x_wconf 75' lang='grc' dir='ltr'><strong><em>ἐπεγένετο</em></strong></span> <span class='ocrx_word' id='word_1_126' title='bbox 1050 1779 1202 1855; x_wconf 71' lang='lat' dir='ltr'><strong>auidiis</strong></span> 
     </span>
     <span class='ocr_line' id='line_1_17' title="bbox 122 1882 1235 1979; baseline -0.004 -24"><span class='ocrx_word' id='word_1_127' title='bbox 122 1882 201 1955; x_wconf 74' lang='lat' dir='ltr'><strong>dara</strong></span> <span class='ocrx_word' id='word_1_128' title='bbox 222 1892 259 1977; x_wconf 82' lang='grc' dir='ltr'><strong><em>τῇ</em></strong></span> <span class='ocrx_word' id='word_1_129' title='bbox 276 1888 365 1953; x_wconf 85' lang='grc' dir='ltr'><strong><em>πόλει</em></strong></span> <span class='ocrx_word' id='word_1_130' title='bbox 380 1894 450 1955; x_wconf 86' lang='grc' dir='ltr'><strong><em>κατ’</em></strong></span> <span class='ocrx_word' id='word_1_131' title='bbox 471 1892 570 1957; x_wconf 81' lang='grc' dir='ltr'><strong><em>έκεῖνο</em></strong></span> <span class='ocrx_word' id='word_1_132' title='bbox 590 1894 649 1957; x_wconf 88' lang='grc' dir='ltr'><strong><em>τοῦ</em></strong></span> <span class='ocrx_word' id='word_1_133' title='bbox 670 1896 793 1977; x_wconf 81' lang='grc' dir='ltr'><strong><em>καιροῦ,</em></strong></span> <span class='ocrx_word' id='word_1_134' title='bbox 813 1895 957 1979; x_wconf 78' lang='grc' dir='ltr'><strong><em>ταραχῆς</em></strong></span> <span class='ocrx_word' id='word_1_135' title='bbox 975 1914 1009 1957; x_wconf 83' lang='grc' dir='ltr'><strong><em>τε</em></strong></span> <span class='ocrx_word' id='word_1_136' title='bbox 1029 1886 1083 1953; x_wconf 76' lang='grc' dir='ltr'><strong><em>κατ’</em></strong></span> <span class='ocrx_word' id='word_1_137' title='bbox 1106 1886 1235 1972; x_wconf 68' lang='lat' dir='ltr'><strong>oapi-c</strong></span> 
     </span>
     <span class='ocr_line' id='line_1_18' title="bbox 122 1984 1210 2076; baseline -0.005 -22"><span class='ocrx_word' id='word_1_138' title='bbox 122 1994 181 2073; x_wconf 89' lang='grc' dir='ltr'><strong>βου</strong></span> <span class='ocrx_word' id='word_1_139' title='bbox 203 1987 363 2071; x_wconf 74' lang='grc' dir='ltr'><strong><em>ἀνάμεστα</em></strong></span> <span class='ocrx_word' id='word_1_140' title='bbox 370 2042 381 2071; x_wconf 96' lang='grc'><strong><em>,</em></strong></span> <span class='ocrx_word' id='word_1_141' title='bbox 419 1991 475 2055; x_wconf 70' lang='grc' dir='ltr'><strong><em>κατ’</em></strong></span> <span class='ocrx_word' id='word_1_142' title='bbox 492 1990 568 2073; x_wconf 72' lang='grc' dir='ltr'><strong>1οόχ</strong></span> <span class='ocrx_word' id='word_1_143' title='bbox 592 1984 691 2075; x_wconf 78' lang='grc' dir='ltr'><strong><em>ἧσσον</em></strong></span> <span class='ocrx_word' id='word_1_144' title='bbox 715 1994 780 2057; x_wconf 82' lang='grc' dir='ltr'><strong>τῦν</strong></span> <span class='ocrx_word' id='word_1_145' title='bbox 805 1994 977 2076; x_wconf 80' lang='grc' dir='ltr'><strong><em>εἰρημένον</em></strong></span> <span class='ocrx_word' id='word_1_146' title='bbox 1004 1986 1210 2075; x_wconf 86' lang='grc' dir='ltr'><strong><em>ανιαρότατα.</em></strong></span> 
     </span>
     <span class='ocr_line' id='line_1_19' title="bbox 124 2085 1234 2179; baseline 0.006 -27"><span class='ocrx_word' id='word_1_147' title='bbox 124 2085 216 2153; x_wconf 78' lang='grc' dir='ltr'><strong><em>ὁποῖα</em></strong></span> <span class='ocrx_word' id='word_1_148' title='bbox 235 2090 269 2153; x_wconf 83' lang='grc' dir='ltr'><strong>δέ</strong></span> <span class='ocrx_word' id='word_1_149' title='bbox 288 2089 387 2155; x_wconf 84' lang='grc' dir='ltr'><strong><em>τοῦτό</em></strong></span> <span class='ocrx_word' id='word_1_150' title='bbox 401 2090 504 2171; x_wconf 80' lang='grc' dir='ltr'><strong><em>ἐστιν,</em></strong></span> <span class='ocrx_word' id='word_1_151' title='bbox 535 2090 649 2157; x_wconf 83' lang='grc' dir='ltr'><strong><em>αότέκα</em></strong></span> <span class='ocrx_word' id='word_1_152' title='bbox 667 2094 746 2176; x_wconf 76' lang='grc' dir='ltr'><strong><em>ἐροῦ,</em></strong></span> <span class='ocrx_word' id='word_1_153' title='bbox 767 2091 873 2179; x_wconf 86' lang='grc' dir='ltr'><strong><em>βραχό</em></strong></span> <span class='ocrx_word' id='word_1_154' title='bbox 891 2114 924 2155; x_wconf 89' lang='grc' dir='ltr'><strong><em>τι</em></strong></span> <span class='ocrx_word' id='word_1_155' title='bbox 942 2087 1097 2177; x_wconf 85' lang='grc' dir='ltr'><strong><em>πρότερον</em></strong></span> <span class='ocrx_word' id='word_1_156' title='bbox 1127 2086 1234 2159; x_wconf 60' lang='grc' dir='ltr'><strong><em>διεδ-ι</em></strong></span> 
     </span>
     <span class='ocr_line' id='line_1_20' title="bbox 124 2182 1212 2276; baseline -0.001 -24"><span class='ocrx_word' id='word_1_157' title='bbox 124 2186 229 2254; x_wconf 61' lang='lat' dir='ltr'><strong>smair</strong></span> <span class='ocrx_word' id='word_1_158' title='bbox 249 2191 312 2261; x_wconf 80' lang='grc' dir='ltr'><strong>τῶν</strong></span> <span class='ocrx_word' id='word_1_159' title='bbox 328 2190 556 2276; x_wconf 73' lang='grc' dir='ltr'><strong><em>ἀρχαιοτέρων.</em></strong></span> <span class='ocrx_word' id='word_1_160' title='bbox 570 2190 612 2257; x_wconf 80' lang='lat' dir='ltr'><strong>&#39;oi</strong></span> <span class='ocrx_word' id='word_1_161' title='bbox 632 2182 750 2257; x_wconf 83' lang='grc' dir='ltr'><strong><em>Οόννοι</em></strong></span> <span class='ocrx_word' id='word_1_162' title='bbox 770 2188 804 2257; x_wconf 86' lang='grc' dir='ltr'><strong><em>τό</em></strong></span> <span class='ocrx_word' id='word_1_163' title='bbox 817 2194 915 2275; x_wconf 78' lang='grc' dir='ltr'><strong><em>γένος,</em></strong></span> <span class='ocrx_word' id='word_1_164' title='bbox 931 2190 969 2255; x_wconf 84' lang='grc' dir='ltr'><strong><em>τό</em></strong></span> <span class='ocrx_word' id='word_1_165' title='bbox 995 2193 1057 2271; x_wconf 74' lang='grc' dir='ltr'><strong><em>μὲν</em></strong></span> <span class='ocrx_word' id='word_1_166' title='bbox 1077 2182 1212 2251; x_wconf 78' lang='grc' dir='ltr'><strong><em>παλαιόν</em></strong></span> 
     </span>
     <span class='ocr_line' id='line_1_21' title="bbox 87 2280 1207 2379; baseline -0.004 -26"><span class='ocrx_word' id='word_1_167' title='bbox 87 2286 286 2378; x_wconf 78' lang='grc' dir='ltr'><strong><em>οονατῴκουν</em></strong></span> <span class='ocrx_word' id='word_1_168' title='bbox 303 2290 358 2373; x_wconf 80' lang='grc' dir='ltr'><strong>τῆς</strong></span> <span class='ocrx_word' id='word_1_169' title='bbox 378 2287 565 2365; x_wconf 74' lang='grc' dir='ltr'><strong><em>Μαιώτιδος</em></strong></span> <span class='ocrx_word' id='word_1_170' title='bbox 588 2289 697 2375; x_wconf 67' lang='grc' dir='ltr'><strong><em>λιξιινης</em></strong></span> <span class='ocrx_word' id='word_1_171' title='bbox 715 2289 755 2355; x_wconf 80' lang='grc' dir='ltr'><strong><em>τό</em></strong></span> <span class='ocrx_word' id='word_1_172' title='bbox 778 2288 857 2379; x_wconf 88' lang='grc' dir='ltr'><strong><em>πρός</em></strong></span> <span class='ocrx_word' id='word_1_173' title='bbox 877 2286 1058 2377; x_wconf 84' lang='grc' dir='ltr'><strong><em>οἷπηλιιότην</em></strong></span> <span class='ocrx_word' id='word_1_174' title='bbox 1081 2280 1207 2368; x_wconf 83' lang='grc' dir='ltr'><strong><em>ῦνιμον,</em></strong></span> 
     </span>
    </p>
   </div>
   <div class='ocr_carea' id='block_1_3' title="bbox 126 2378 1315 2677">
    <p class='ocr_par' dir='ltr' id='par_1_3' title="bbox 126 2378 1315 2677">
     <span class='ocr_line' id='line_1_22' title="bbox 126 2378 1315 2477; baseline -0.003 -26"><span class='ocrx_word' id='word_1_175' title='bbox 126 2390 182 2453; x_wconf 72' lang='grc' dir='ltr'><strong>καὶ</strong></span> <span class='ocrx_word' id='word_1_176' title='bbox 198 2378 280 2471; x_wconf 74' lang='grc' dir='ltr'><strong><em>ἦσαν</em></strong></span> <span class='ocrx_word' id='word_1_177' title='bbox 300 2389 359 2455; x_wconf 87' lang='grc' dir='ltr'><strong><em>τοῦ</em></strong></span> <span class='ocrx_word' id='word_1_178' title='bbox 387 2386 540 2465; x_wconf 82' lang='grc' dir='ltr'><strong><em>Τανάϊδος</em></strong></span> <span class='ocrx_word' id='word_1_179' title='bbox 563 2394 708 2471; x_wconf 88' lang='grc' dir='ltr'><strong><em>ποταμοῦ</em></strong></span> <span class='ocrx_word' id='word_1_180' title='bbox 721 2391 957 2477; x_wconf 75' lang='grc' dir='ltr'><strong><em>δραττκιότεροτ,</em></strong></span> <span class='ocrx_word' id='word_1_181' title='bbox 984 2388 1130 2473; x_wconf 78' lang='grc' dir='ltr'><strong><em>καθάπερ</em></strong></span> <span class='ocrx_word' id='word_1_182' title='bbox 1155 2387 1210 2450; x_wconf 66' lang='grc' dir='ltr'><strong><em>κατ’</em></strong></span> <span class='ocrx_word' id='word_1_183' title='bbox 1217 2388 1250 2446; x_wconf 77' lang='lat' dir='ltr'><strong>V·</strong></span> <span class='ocrx_word' id='word_1_184' title='bbox 1265 2388 1315 2445; x_wconf 81' lang='lat'><strong>108</strong></span> 
     </span>
     <span class='ocr_line' id='line_1_23' title="bbox 126 2478 1213 2575; baseline -0.002 -24"><span class='ocrx_word' id='word_1_185' title='bbox 126 2484 164 2552; x_wconf 82' lang='grc' dir='ltr'><strong><em>τό</em></strong></span> <span class='ocrx_word' id='word_1_186' title='bbox 187 2478 266 2551; x_wconf 74' lang='grc' dir='ltr'><strong><em>ἄλλα</em></strong></span> <span class='ocrx_word' id='word_1_187' title='bbox 286 2484 437 2575; x_wconf 78' lang='grc' dir='ltr'><strong><em>βάρβαρα</em></strong></span> <span class='ocrx_word' id='word_1_188' title='bbox 454 2486 531 2575; x_wconf 79' lang='grc' dir='ltr'><strong><em>ἔθνη</em></strong></span> <span class='ocrx_word' id='word_1_189' title='bbox 538 2540 549 2571; x_wconf 96' lang='grc'><strong><em>,</em></strong></span> <span class='ocrx_word' id='word_1_190' title='bbox 581 2487 682 2555; x_wconf 86' lang='grc' dir='ltr'><strong><em>όπόσα</em></strong></span> <span class='ocrx_word' id='word_1_191' title='bbox 711 2480 1213 2574; x_wconf 80' lang='grc' dir='ltr'><strong><em>έντός’1μαιόυόρουςοἰνότὴν</em></strong></span> 
     </span>
     <span class='ocr_line' id='line_1_24' title="bbox 201 2582 1214 2677; baseline 0.001 -34"><span class='ocrx_word' id='word_1_192' title='bbox 201 2609 222 2643; x_wconf 89' lang='lat' dir='ltr'><strong>r.</strong></span> <span class='ocrx_word' id='word_1_193' title='bbox 241 2586 356 2659; x_wconf 76' lang='grc' dir='ltr'><strong><em>δγαδδς</em></strong></span> <span class='ocrx_word' id='word_1_194' title='bbox 381 2593 430 2657; x_wconf 85' lang='lat' dir='ltr'><strong>ii.,</strong></span> <span class='ocrx_word' id='word_1_195' title='bbox 456 2588 587 2661; x_wconf 71' lang='grc' dir='ltr'><strong><em>ἀμαθοῦς</em></strong></span> <span class='ocrx_word' id='word_1_196' title='bbox 608 2594 680 2665; x_wconf 77' lang='lat' dir='ltr'><strong>vulg.</strong></span> <span class='ocrx_word' id='word_1_197' title='bbox 756 2612 783 2650; x_wconf 76' lang='lat' dir='ltr'><strong>a,</strong></span> <span class='ocrx_word' id='word_1_198' title='bbox 801 2582 954 2667; x_wconf 74' lang='grc' dir='ltr'><strong><em>μοχθηρός</em></strong></span> <span class='ocrx_word' id='word_1_199' title='bbox 969 2582 1214 2677; x_wconf 43' lang='grc' dir='ltr'><strong><em>Β.,.μοχένηροόε</em></strong></span> 
     </span>
    </p>
   </div>
   <div class='ocr_carea' id='block_1_4' title="bbox 197 2662 1211 2807">
    <p class='ocr_par' dir='ltr' id='par_1_4' title="bbox 197 2662 1211 2807">
     <span class='ocr_line' id='line_1_25' title="bbox 197 2662 1211 2736; baseline 0.003 -26"><span class='ocrx_word' id='word_1_200' title='bbox 197 2663 269 2732; x_wconf 73' lang='lat' dir='ltr'><strong>vulg.</strong></span> <span class='ocrx_word' id='word_1_201' title='bbox 378 2680 417 2715; x_wconf 88' lang='lat' dir='ltr'><strong>ro.</strong></span> <span class='ocrx_word' id='word_1_202' title='bbox 433 2665 459 2715; x_wconf 80' lang='lat' dir='ltr'><strong>et</strong></span> <span class='ocrx_word' id='word_1_203' title='bbox 476 2681 527 2715; x_wconf 89' lang='lat' dir='ltr'><strong>om.</strong></span> <span class='ocrx_word' id='word_1_204' title='bbox 549 2666 577 2717; x_wconf 80' lang='lat' dir='ltr'><strong>a.</strong></span> <span class='ocrx_word' id='word_1_205' title='bbox 658 2682 698 2719; x_wconf 81' lang='grc' dir='ltr'><strong><em>τι.</em></strong></span> <span class='ocrx_word' id='word_1_206' title='bbox 718 2664 774 2717; x_wconf 69' lang='lat' dir='ltr'><strong>oda</strong></span> <span class='ocrx_word' id='word_1_207' title='bbox 795 2667 1008 2736; x_wconf 80' lang='lat' dir='ltr'><strong>superscriptam</strong></span> <span class='ocrx_word' id='word_1_208' title='bbox 1025 2680 1055 2714; x_wconf 88' lang='lat' dir='ltr'><strong>ru</strong></span> <span class='ocrx_word' id='word_1_209' title='bbox 1074 2662 1102 2713; x_wconf 77' lang='lat' dir='ltr'><strong>ii.</strong></span> <span class='ocrx_word' id='word_1_210' title='bbox 1121 2678 1138 2714; x_wconf 81' lang='lat' dir='ltr'><strong>a</strong></span> <span class='ocrx_word' id='word_1_211' title='bbox 1158 2677 1211 2713; x_wconf 78' lang='lat' dir='ltr'><strong>ree·</strong></span> 
     </span>
     <span class='ocr_line' id='line_1_26' title="bbox 198 2730 837 2807; baseline 0.006 -24"><span class='ocrx_word' id='word_1_212' title='bbox 198 2746 234 2785; x_wconf 85' lang='lat' dir='ltr'><strong>ru.</strong></span> <span class='ocrx_word' id='word_1_213' title='bbox 280 2748 318 2800; x_wconf 82' lang='lat'><strong>¹7·</strong></span> <span class='ocrx_word' id='word_1_214' title='bbox 339 2730 518 2805; x_wconf 71' lang='grc' dir='ltr'><strong><em>ἀνιαρότατα</em></strong></span> <span class='ocrx_word' id='word_1_215' title='bbox 535 2736 565 2786; x_wconf 81' lang='lat' dir='ltr'><strong>R.</strong></span> <span class='ocrx_word' id='word_1_216' title='bbox 619 2752 661 2789; x_wconf 72' lang='lat' dir='ltr'><strong>aa.</strong></span> <span class='ocrx_word' id='word_1_217' title='bbox 677 2736 791 2807; x_wconf 82' lang='grc' dir='ltr'><strong><em>Ἶμαίου</em></strong></span> <span class='ocrx_word' id='word_1_218' title='bbox 808 2738 837 2787; x_wconf 82' lang='grc' dir='ltr'><strong>Β.</strong></span> 
     </span>
    </p>
   </div>
   <div class='ocr_carea' id='block_1_5' title="bbox 128 2836 1220 4261">
    <p class='ocr_par' dir='ltr' id='par_1_5' title="bbox 128 2836 1220 4261">
     <span class='ocr_line' id='line_1_27' title="bbox 128 2836 1214 2908; baseline -0.004 -19"><span class='ocrx_word' id='word_1_219' title='bbox 128 2844 193 2889; x_wconf 83' lang='lat' dir='ltr'><strong>suut</strong></span> <span class='ocrx_word' id='word_1_220' title='bbox 210 2838 386 2905; x_wconf 70' lang='lat' dir='ltr'><strong>peritissimi,</strong></span> <span class='ocrx_word' id='word_1_221' title='bbox 418 2846 570 2908; x_wconf 87' lang='lat' dir='ltr'><strong>temporum</strong></span> <span class='ocrx_word' id='word_1_222' title='bbox 592 2839 761 2908; x_wconf 87' lang='lat' dir='ltr'><strong>quorundam</strong></span> <span class='ocrx_word' id='word_1_223' title='bbox 776 2841 959 2894; x_wconf 76' lang='lat' dir='ltr'><strong>revolutiones</strong></span> <span class='ocrx_word' id='word_1_224' title='bbox 975 2842 1005 2893; x_wconf 91' lang='lat' dir='ltr'><strong>in</strong></span> <span class='ocrx_word' id='word_1_225' title='bbox 1025 2836 1135 2890; x_wconf 86' lang='lat' dir='ltr'><strong>infinito</strong></span> <span class='ocrx_word' id='word_1_226' title='bbox 1147 2848 1214 2886; x_wconf 77' lang='lat' dir='ltr'><strong>aevo</strong></span> 
     </span>
     <span class='ocr_line' id='line_1_28' title="bbox 128 2907 1215 2981; baseline -0.007 -20"><span class='ocrx_word' id='word_1_227' title='bbox 128 2907 210 2961; x_wconf 84' lang='lat' dir='ltr'><strong>simul</strong></span> <span class='ocrx_word' id='word_1_228' title='bbox 228 2908 293 2961; x_wconf 87' lang='lat' dir='ltr'><strong>ierri</strong></span> <span class='ocrx_word' id='word_1_229' title='bbox 315 2920 452 2976; x_wconf 84' lang='lat' dir='ltr'><strong>asserunt,</strong></span> <span class='ocrx_word' id='word_1_230' title='bbox 492 2908 574 2961; x_wconf 90' lang='lat' dir='ltr'><strong>modo</strong></span> <span class='ocrx_word' id='word_1_231' title='bbox 596 2910 707 2981; x_wconf 87' lang='lat' dir='ltr'><strong>quidem</strong></span> <span class='ocrx_word' id='word_1_232' title='bbox 729 2909 814 2963; x_wconf 82' lang='lat' dir='ltr'><strong>bonas</strong></span> <span class='ocrx_word' id='word_1_233' title='bbox 837 2930 869 2963; x_wconf 86' lang='lat' dir='ltr'><strong>ae</strong></span> <span class='ocrx_word' id='word_1_234' title='bbox 888 2912 995 2973; x_wconf 77' lang='lat' dir='ltr'><strong>felices,</strong></span> <span class='ocrx_word' id='word_1_235' title='bbox 1021 2908 1103 2961; x_wconf 86' lang='lat' dir='ltr'><strong>modo</strong></span> <span class='ocrx_word' id='word_1_236' title='bbox 1123 2912 1215 2957; x_wconf 80' lang='lat' dir='ltr'><strong>autem</strong></span> 
     </span>
     <span class='ocr_line' id='line_1_29' title="bbox 150 2976 1215 3049; baseline -0.007 -18"><span class='ocrx_word' id='word_1_237' title='bbox 150 2992 226 3031; x_wconf 86' lang='lat' dir='ltr'><strong>ravas</strong></span> <span class='ocrx_word' id='word_1_238' title='bbox 242 2988 270 3031; x_wconf 92' lang='lat' dir='ltr'><strong>et</strong></span> <span class='ocrx_word' id='word_1_239' title='bbox 287 2982 435 3033; x_wconf 80' lang='lat' dir='ltr'><strong>infaustas:</strong></span> <span class='ocrx_word' id='word_1_240' title='bbox 467 2998 525 3033; x_wconf 81' lang='lat' dir='ltr'><strong>erse</strong></span> <span class='ocrx_word' id='word_1_241' title='bbox 550 2996 612 3032; x_wconf 85' lang='lat' dir='ltr'><strong>vero</strong></span> <span class='ocrx_word' id='word_1_242' title='bbox 625 2992 796 3049; x_wconf 81' lang='lat' dir='ltr'>praesentem</span> <span class='ocrx_word' id='word_1_243' title='bbox 811 2982 1008 3034; x_wconf 78' lang='lat' dir='ltr'><strong>revolutionem</strong></span> <span class='ocrx_word' id='word_1_244' title='bbox 1031 2997 1065 3031; x_wconf 79' lang='lat' dir='ltr'><strong>ea</strong></span> <span class='ocrx_word' id='word_1_245' title='bbox 1089 2976 1215 3048; x_wconf 81' lang='lat' dir='ltr'><strong>pessimis</strong></span> 
     </span>
     <span class='ocr_line' id='line_1_30' title="bbox 131 3046 1215 3122; baseline -0.006 -19"><span class='ocrx_word' id='word_1_246' title='bbox 131 3052 188 3103; x_wconf 82' lang='lat' dir='ltr'><strong>rllis</strong></span> <span class='ocrx_word' id='word_1_247' title='bbox 202 3059 283 3119; x_wconf 83' lang='lat' dir='ltr'><strong>atque</strong></span> <span class='ocrx_word' id='word_1_248' title='bbox 302 3052 435 3103; x_wconf 74' lang='lat' dir='ltr'><strong>infaustis.</strong></span> <span class='ocrx_word' id='word_1_249' title='bbox 462 3051 531 3105; x_wconf 85' lang='lat' dir='ltr'><strong>iiiuc</strong></span> <span class='ocrx_word' id='word_1_250' title='bbox 550 3068 612 3119; x_wconf 78' lang='lat' dir='ltr'><strong>ergo</strong></span> <span class='ocrx_word' id='word_1_251' title='bbox 631 3060 659 3103; x_wconf 87' lang='lat' dir='ltr'><strong>et</strong></span> <span class='ocrx_word' id='word_1_252' title='bbox 676 3052 748 3103; x_wconf 88' lang='lat' dir='ltr'><strong>belia</strong></span> <span class='ocrx_word' id='word_1_253' title='bbox 768 3051 866 3122; x_wconf 86' lang='lat' dir='ltr'><strong>passim</strong></span> <span class='ocrx_word' id='word_1_254' title='bbox 887 3059 915 3102; x_wconf 88' lang='lat' dir='ltr'><strong>et</strong></span> <span class='ocrx_word' id='word_1_255' title='bbox 931 3050 1080 3101; x_wconf 79' lang='lat' dir='ltr'><strong>seditiones</strong></span> <span class='ocrx_word' id='word_1_256' title='bbox 1098 3046 1215 3099; x_wconf 81' lang='lat' dir='ltr'><strong>urbibus</strong></span> 
     </span>
     <span class='ocr_line' id='line_1_31' title="bbox 132 3120 1215 3192; baseline -0.006 -17"><span class='ocrx_word' id='word_1_257' title='bbox 132 3120 199 3175; x_wconf 87' lang='lat' dir='ltr'><strong>oriri</strong></span> <span class='ocrx_word' id='word_1_258' title='bbox 224 3128 307 3190; x_wconf 90' lang='lat' dir='ltr'><strong>atque</strong></span> <span class='ocrx_word' id='word_1_259' title='bbox 327 3123 507 3185; x_wconf 73' lang='lat' dir='ltr'><strong>invalescere,</strong></span> <span class='ocrx_word' id='word_1_260' title='bbox 538 3130 565 3173; x_wconf 90' lang='lat' dir='ltr'><strong>et</strong></span> <span class='ocrx_word' id='word_1_261' title='bbox 588 3123 747 3192; x_wconf 69' lang='lat' dir='ltr'><strong>pestilentes</strong></span> <span class='ocrx_word' id='word_1_262' title='bbox 770 3122 878 3173; x_wconf 87' lang='lat' dir='ltr'><strong>morbos</strong></span> <span class='ocrx_word' id='word_1_263' title='bbox 901 3138 950 3191; x_wconf 88' lang='lat' dir='ltr'><strong>per</strong></span> <span class='ocrx_word' id='word_1_264' title='bbox 969 3121 1087 3171; x_wconf 88' lang='lat' dir='ltr'><strong>muitum</strong></span> <span class='ocrx_word' id='word_1_265' title='bbox 1107 3126 1215 3185; x_wconf 82' lang='lat' dir='ltr'><strong>tempus</strong></span> 
     </span>
     <span class='ocr_line' id='line_1_32' title="bbox 133 3186 1216 3263; baseline -0.007 -17"><span class='ocrx_word' id='word_1_266' title='bbox 133 3194 232 3246; x_wconf 85' lang='lat' dir='ltr'><strong>durare</strong></span> <span class='ocrx_word' id='word_1_267' title='bbox 251 3200 332 3263; x_wconf 86' lang='lat' dir='ltr'><strong>atque</strong></span> <span class='ocrx_word' id='word_1_268' title='bbox 353 3192 554 3251; x_wconf 79' lang='lat' dir='ltr'><strong>adhaerescere.</strong></span> <span class='ocrx_word' id='word_1_269' title='bbox 596 3194 650 3244; x_wconf 79' lang='lat' dir='ltr'><strong>dlii</strong></span> <span class='ocrx_word' id='word_1_270' title='bbox 672 3208 736 3244; x_wconf 83' lang='lat' dir='ltr'><strong>vero</strong></span> <span class='ocrx_word' id='word_1_271' title='bbox 762 3193 891 3244; x_wconf 80' lang='lat' dir='ltr'><strong>interitus</strong></span> <span class='ocrx_word' id='word_1_272' title='bbox 914 3204 1020 3243; x_wconf 76' lang='lat' dir='ltr'><strong>eausam</strong></span> <span class='ocrx_word' id='word_1_273' title='bbox 1041 3188 1075 3241; x_wconf 84' lang='lat' dir='ltr'><strong>ad</strong></span> <span class='ocrx_word' id='word_1_274' title='bbox 1093 3186 1216 3239; x_wconf 75' lang='lat' dir='ltr'><strong>divinem</strong></span> 
     </span>
     <span class='ocr_line' id='line_1_33' title="bbox 133 3258 1216 3334; baseline -0.007 -17"><span class='ocrx_word' id='word_1_275' title='bbox 133 3266 201 3317; x_wconf 83' lang='lat' dir='ltr'><strong>irum</strong></span> <span class='ocrx_word' id='word_1_276' title='bbox 214 3262 348 3325; x_wconf 86' lang='lat' dir='ltr'><strong>referunt,</strong></span> <span class='ocrx_word' id='word_1_277' title='bbox 367 3280 436 3334; x_wconf 88' lang='lat' dir='ltr'><strong>quae</strong></span> <span class='ocrx_word' id='word_1_278' title='bbox 452 3263 563 3315; x_wconf 86' lang='lat' dir='ltr'><strong>humani</strong></span> <span class='ocrx_word' id='word_1_279' title='bbox 582 3264 685 3333; x_wconf 82' lang='lat' dir='ltr'><strong>generis</strong></span> <span class='ocrx_word' id='word_1_280' title='bbox 701 3271 810 3332; x_wconf 81' lang='lat' dir='ltr'><strong>peecata</strong></span> <span class='ocrx_word' id='word_1_281' title='bbox 824 3265 935 3332; x_wconf 88' lang='lat' dir='ltr'><strong>puniat,</strong></span> <span class='ocrx_word' id='word_1_282' title='bbox 952 3258 1216 3326; x_wconf 78' lang='lat' dir='ltr'><strong>multitudinemque</strong></span> 
     </span>
     <span class='ocr_line' id='line_1_34' title="bbox 133 3328 1216 3405; baseline -0.008 -18"><span class='ocrx_word' id='word_1_283' title='bbox 133 3332 264 3387; x_wconf 80' lang='lat' dir='ltr'><strong>succidat.</strong></span> <span class='ocrx_word' id='word_1_284' title='bbox 300 3332 345 3385; x_wconf 81' lang='lat' dir='ltr'><strong>Me</strong></span> <span class='ocrx_word' id='word_1_285' title='bbox 361 3350 424 3385; x_wconf 89' lang='lat' dir='ltr'><strong>vero</strong></span> <span class='ocrx_word' id='word_1_286' title='bbox 438 3332 471 3384; x_wconf 91' lang='lat' dir='ltr'><strong>de</strong></span> <span class='ocrx_word' id='word_1_287' title='bbox 487 3344 602 3405; x_wconf 88' lang='lat' dir='ltr'><strong>utraque</strong></span> <span class='ocrx_word' id='word_1_288' title='bbox 621 3334 751 3403; x_wconf 90' lang='lat' dir='ltr'><strong>opinione</strong></span> <span class='ocrx_word' id='word_1_289' title='bbox 768 3332 887 3385; x_wconf 81' lang='lat' dir='ltr'><strong>iudicare</strong></span> <span class='ocrx_word' id='word_1_290' title='bbox 917 3334 1106 3401; x_wconf 85' lang='lat' dir='ltr'><strong>verioremque</strong></span> <span class='ocrx_word' id='word_1_291' title='bbox 1120 3328 1216 3381; x_wconf 80' lang='lat' dir='ltr'><strong>decer·</strong></span> 
     </span>
     <span class='ocr_line' id='line_1_35' title="bbox 135 3398 1216 3474; baseline -0.008 -16"><span class='ocrx_word' id='word_1_292' title='bbox 135 3422 202 3458; x_wconf 88' lang='lat' dir='ltr'><strong>nere</strong></span> <span class='ocrx_word' id='word_1_293' title='bbox 217 3401 290 3455; x_wconf 87' lang='lat' dir='ltr'><strong>nihil</strong></span> <span class='ocrx_word' id='word_1_294' title='bbox 302 3404 408 3466; x_wconf 84' lang='lat' dir='ltr'><strong>attinet,</strong></span> <span class='ocrx_word' id='word_1_295' title='bbox 426 3404 470 3455; x_wconf 88' lang='lat' dir='ltr'><strong>vei</strong></span> <span class='ocrx_word' id='word_1_296' title='bbox 486 3404 559 3474; x_wconf 90' lang='lat' dir='ltr'><strong>quod</strong></span> <span class='ocrx_word' id='word_1_297' title='bbox 571 3406 689 3456; x_wconf 87' lang='lat' dir='ltr'><strong>nesciam</strong></span> <span class='ocrx_word' id='word_1_298' title='bbox 704 3404 827 3466; x_wconf 83' lang='lat' dir='ltr'><strong>sortasse,</strong></span> <span class='ocrx_word' id='word_1_299' title='bbox 839 3406 897 3474; x_wconf 77' lang='lat' dir='ltr'><strong>pel,</strong></span> <span class='ocrx_word' id='word_1_300' title='bbox 913 3403 1020 3455; x_wconf 84' lang='lat' dir='ltr'><strong>etiamsi</strong></span> <span class='ocrx_word' id='word_1_301' title='bbox 1036 3403 1106 3454; x_wconf 85' lang='lat' dir='ltr'><strong>iorte</strong></span> <span class='ocrx_word' id='word_1_302' title='bbox 1118 3398 1216 3470; x_wconf 75' lang='lat' dir='ltr'><strong>reim,</strong></span> 
     </span>
     <span class='ocr_line' id='line_1_36' title="bbox 134 3470 1215 3546; baseline -0.009 -16"><span class='ocrx_word' id='word_1_303' title='bbox 134 3492 232 3546; x_wconf 84' lang='lat' dir='ltr'><strong>parum</strong></span> <span class='ocrx_word' id='word_1_304' title='bbox 250 3482 343 3526; x_wconf 84' lang='lat' dir='ltr'><strong>tumen</strong></span> <span class='ocrx_word' id='word_1_305' title='bbox 363 3476 545 3527; x_wconf 77' lang='lat' dir='ltr'><strong>neceesarium</strong></span> <span class='ocrx_word' id='word_1_306' title='bbox 572 3474 601 3525; x_wconf 92' lang='lat' dir='ltr'><strong>id</strong></span> <span class='ocrx_word' id='word_1_307' title='bbox 621 3490 762 3538; x_wconf 81' lang='lat' dir='ltr'><strong>censeam,</strong></span> <span class='ocrx_word' id='word_1_308' title='bbox 788 3491 878 3544; x_wconf 85' lang='lat' dir='ltr'><strong>neque</strong></span> <span class='ocrx_word' id='word_1_309' title='bbox 902 3473 1039 3545; x_wconf 81' lang='lat' dir='ltr'><strong>praesenti</strong></span> <span class='ocrx_word' id='word_1_310' title='bbox 1058 3470 1215 3524; x_wconf 82' lang='lat' dir='ltr'><strong>tractationi</strong></span> 
     </span>
     <span class='ocr_line' id='line_1_37' title="bbox 136 3539 1217 3616; baseline -0.007 -16"><span class='ocrx_word' id='word_1_311' title='bbox 136 3555 359 3600; x_wconf 86' lang='lat' dir='ltr'><strong>consentaneum.</strong></span> <span class='ocrx_word' id='word_1_312' title='bbox 396 3545 425 3596; x_wconf 88' lang='lat' dir='ltr'><strong>si</strong></span> <span class='ocrx_word' id='word_1_313' title='bbox 448 3546 521 3597; x_wconf 85' lang='lat' dir='ltr'><strong>enim</strong></span> <span class='ocrx_word' id='word_1_314' title='bbox 540 3544 660 3597; x_wconf 82' lang='lat' dir='ltr'><strong>breviter</strong></span> <span class='ocrx_word' id='word_1_315' title='bbox 675 3562 745 3616; x_wconf 88' lang='lat' dir='ltr'><strong>quae</strong></span> <span class='ocrx_word' id='word_1_316' title='bbox 758 3544 917 3597; x_wconf 85' lang='lat' dir='ltr'><strong>aeciderunt</strong></span> <span class='ocrx_word' id='word_1_317' title='bbox 936 3543 1152 3607; x_wconf 84' lang='lat' dir='ltr'><strong>commemoravi,</strong></span> <span class='ocrx_word' id='word_1_318' title='bbox 1168 3539 1217 3593; x_wconf 82' lang='lat' dir='ltr'><strong>hi·</strong></span> 
     </span>
     <span class='ocr_line' id='line_1_38' title="bbox 134 3616 440 3689; baseline -0.02 -17"><span class='ocrx_word' id='word_1_319' title='bbox 134 3622 237 3677; x_wconf 84' lang='lat' dir='ltr'><strong>sturiae</strong></span> <span class='ocrx_word' id='word_1_320' title='bbox 250 3619 304 3689; x_wconf 72' lang='lat' dir='ltr'><strong>legi</strong></span> <span class='ocrx_word' id='word_1_321' title='bbox 313 3616 440 3670; x_wconf 80' lang='lat' dir='ltr'><strong>satisfeci.</strong></span> 
     </span>
     <span class='ocr_line' id='line_1_39' title="bbox 211 3683 1220 3754; baseline -0.005 -13"><span class='ocrx_word' id='word_1_322' title='bbox 211 3708 248 3745; x_wconf 81' lang='lat' dir='ltr'><strong>rr.</strong></span> <span class='ocrx_word' id='word_1_323' title='bbox 285 3690 359 3739; x_wconf 84' lang='lat' dir='ltr'><strong>Haec</strong></span> <span class='ocrx_word' id='word_1_324' title='bbox 380 3704 443 3739; x_wconf 90' lang='lat' dir='ltr'><strong>vero</strong></span> <span class='ocrx_word' id='word_1_325' title='bbox 472 3702 532 3737; x_wconf 85' lang='lat' dir='ltr'><strong>eum</strong></span> <span class='ocrx_word' id='word_1_326' title='bbox 563 3688 601 3741; x_wconf 82' lang='lat' dir='ltr'><strong>ita</strong></span> <span class='ocrx_word' id='word_1_327' title='bbox 628 3684 803 3751; x_wconf 83' lang='lat' dir='ltr'><strong>accidissent,</strong></span> <span class='ocrx_word' id='word_1_328' title='bbox 832 3687 885 3738; x_wconf 84' lang='lat' dir='ltr'><strong>aiia</strong></span> <span class='ocrx_word' id='word_1_329' title='bbox 905 3689 987 3739; x_wconf 84' lang='lat' dir='ltr'><strong>etiam</strong></span> <span class='ocrx_word' id='word_1_330' title='bbox 1051 3683 1147 3737; x_wconf 85' lang='lat' dir='ltr'><strong>sedam</strong></span> <span class='ocrx_word' id='word_1_331' title='bbox 1166 3700 1220 3754; x_wconf 88' lang='lat' dir='ltr'><strong>per</strong></span> 
     </span>
     <span class='ocr_line' id='line_1_40' title="bbox 137 3756 1218 3831; baseline -0.008 -15"><span class='ocrx_word' id='word_1_332' title='bbox 137 3761 168 3816; x_wconf 90' lang='lat' dir='ltr'><strong>id</strong></span> <span class='ocrx_word' id='word_1_333' title='bbox 180 3770 287 3831; x_wconf 88' lang='lat' dir='ltr'><strong>tempus</strong></span> <span class='ocrx_word' id='word_1_334' title='bbox 302 3759 331 3811; x_wconf 86' lang='lat' dir='ltr'><strong>in</strong></span> <span class='ocrx_word' id='word_1_335' title='bbox 346 3758 413 3809; x_wconf 88' lang='lat' dir='ltr'><strong>urbe</strong></span> <span class='ocrx_word' id='word_1_336' title='bbox 426 3768 574 3811; x_wconf 90' lang='lat' dir='ltr'><strong>evenerunt</strong></span> <span class='ocrx_word' id='word_1_337' title='bbox 588 3758 718 3808; x_wconf 88' lang='lat' dir='ltr'><strong>tumultus</strong></span> <span class='ocrx_word' id='word_1_338' title='bbox 734 3774 765 3808; x_wconf 89' lang='lat' dir='ltr'><strong>ae</strong></span> <span class='ocrx_word' id='word_1_339' title='bbox 778 3756 990 3827; x_wconf 77' lang='lat' dir='ltr'><strong>perturbationis</strong></span> <span class='ocrx_word' id='word_1_340' title='bbox 1008 3775 1025 3826; x_wconf 98' lang='lat' dir='ltr'><strong>p</strong></span> <span class='ocrx_word' id='word_1_341' title='bbox 1038 3773 1102 3818; x_wconf 88' lang='lat' dir='ltr'><strong>ena,</strong></span> <span class='ocrx_word' id='word_1_342' title='bbox 1125 3772 1218 3825; x_wconf 84' lang='lat' dir='ltr'><strong>nequo</strong></span> 
     </span>
     <span class='ocr_line' id='line_1_41' title="bbox 138 3826 1218 3900; baseline -0.007 -16"><span class='ocrx_word' id='word_1_343' title='bbox 138 3834 241 3896; x_wconf 87' lang='lat' dir='ltr'><strong>minus,</strong></span> <span class='ocrx_word' id='word_1_344' title='bbox 258 3846 338 3900; x_wconf 88' lang='lat' dir='ltr'><strong>quam</strong></span> <span class='ocrx_word' id='word_1_345' title='bbox 352 3846 421 3899; x_wconf 86' lang='lat' dir='ltr'><strong>quae</strong></span> <span class='ocrx_word' id='word_1_346' title='bbox 434 3826 560 3889; x_wconf 85' lang='lat' dir='ltr'><strong>diximus,</strong></span> <span class='ocrx_word' id='word_1_347' title='bbox 576 3827 679 3879; x_wconf 81' lang='lat' dir='ltr'><strong>acerba.</strong></span> <span class='ocrx_word' id='word_1_348' title='bbox 700 3826 799 3897; x_wconf 83' lang='lat' dir='ltr'><strong>Qualia</strong></span> <span class='ocrx_word' id='word_1_349' title='bbox 813 3835 904 3879; x_wconf 75' lang='lat' dir='ltr'><strong>autem</strong></span> <span class='ocrx_word' id='word_1_350' title='bbox 917 3826 984 3879; x_wconf 89' lang='lat' dir='ltr'><strong>haee</strong></span> <span class='ocrx_word' id='word_1_351' title='bbox 997 3828 1110 3889; x_wconf 84' lang='lat' dir='ltr'><strong>inerint,</strong></span> <span class='ocrx_word' id='word_1_352' title='bbox 1124 3826 1218 3878; x_wconf 81' lang='lat' dir='ltr'><strong>statim</strong></span> 
     </span>
     <span class='ocr_line' id='line_1_42' title="bbox 140 3896 1218 3969; baseline -0.009 -13"><span class='ocrx_word' id='word_1_353' title='bbox 140 3904 248 3967; x_wconf 87' lang='lat' dir='ltr'><strong>dicam,</strong></span> <span class='ocrx_word' id='word_1_354' title='bbox 267 3900 289 3952; x_wconf 86' lang='lat' dir='ltr'><strong>si</strong></span> <span class='ocrx_word' id='word_1_355' title='bbox 304 3898 379 3969; x_wconf 88' lang='lat' dir='ltr'><strong>prius</strong></span> <span class='ocrx_word' id='word_1_356' title='bbox 397 3898 516 3950; x_wconf 86' lang='lat' dir='ltr'><strong>breviter</strong></span> <span class='ocrx_word' id='word_1_357' title='bbox 535 3901 684 3952; x_wconf 86' lang='lat' dir='ltr'><strong>vetustiora</strong></span> <span class='ocrx_word' id='word_1_358' title='bbox 701 3898 834 3968; x_wconf 86' lang='lat' dir='ltr'><strong>quaedam</strong></span> <span class='ocrx_word' id='word_1_359' title='bbox 854 3912 1102 3951; x_wconf 86' lang='lat' dir='ltr'><strong>commemoravero.</strong></span> <span class='ocrx_word' id='word_1_360' title='bbox 1139 3896 1218 3948; x_wconf 84' lang='lat' dir='ltr'><strong>liun-</strong></span> 
     </span>
     <span class='ocr_line' id='line_1_43' title="bbox 139 3966 1217 4043; baseline -0.011 -16"><span class='ocrx_word' id='word_1_361' title='bbox 139 3990 237 4027; x_wconf 85' lang='lat' dir='ltr'><strong>norum</strong></span> <span class='ocrx_word' id='word_1_362' title='bbox 252 3987 316 4043; x_wconf 74' lang='lat' dir='ltr'><strong>gens</strong></span> <span class='ocrx_word' id='word_1_363' title='bbox 332 3970 397 4023; x_wconf 88' lang='lat' dir='ltr'><strong>olim</strong></span> <span class='ocrx_word' id='word_1_364' title='bbox 417 3970 525 4041; x_wconf 88' lang='lat' dir='ltr'><strong>quidem</strong></span> <span class='ocrx_word' id='word_1_365' title='bbox 545 3970 680 4023; x_wconf 82' lang='lat' dir='ltr'><strong>habitavit</strong></span> <span class='ocrx_word' id='word_1_366' title='bbox 694 3972 764 4021; x_wconf 85' lang='lat' dir='ltr'><strong>circa</strong></span> <span class='ocrx_word' id='word_1_367' title='bbox 781 3986 840 4021; x_wconf 86' lang='lat' dir='ltr'><strong>eam</strong></span> <span class='ocrx_word' id='word_1_368' title='bbox 857 3968 1003 4022; x_wconf 83' lang='lat' dir='ltr'><strong>Maeotidis</strong></span> <span class='ocrx_word' id='word_1_369' title='bbox 1028 3966 1134 4037; x_wconf 84' lang='lat' dir='ltr'><strong>paludis</strong></span> <span class='ocrx_word' id='word_1_370' title='bbox 1153 3983 1217 4035; x_wconf 90' lang='lat' dir='ltr'><strong>par-</strong></span> 
     </span>
     <span class='ocr_line' id='line_1_44' title="bbox 140 4036 1218 4115; baseline -0.012 -17"><span class='ocrx_word' id='word_1_371' title='bbox 140 4053 207 4109; x_wconf 86' lang='lat' dir='ltr'><strong>tem,</strong></span> <span class='ocrx_word' id='word_1_372' title='bbox 218 4060 288 4115; x_wconf 87' lang='lat' dir='ltr'><strong>quae</strong></span> <span class='ocrx_word' id='word_1_373' title='bbox 305 4040 480 4093; x_wconf 83' lang='lat' dir='ltr'><strong>subsolanum</strong></span> <span class='ocrx_word' id='word_1_374' title='bbox 490 4047 601 4092; x_wconf 87' lang='lat' dir='ltr'><strong>ventum</strong></span> <span class='ocrx_word' id='word_1_375' title='bbox 610 4056 702 4093; x_wconf 86' lang='lat' dir='ltr'><strong>versus</strong></span> <span class='ocrx_word' id='word_1_376' title='bbox 714 4048 833 4110; x_wconf 85' lang='lat' dir='ltr'><strong>spectat,</strong></span> <span class='ocrx_word' id='word_1_377' title='bbox 855 4050 986 4111; x_wconf 86' lang='lat' dir='ltr'><strong>erantque</strong></span> <span class='ocrx_word' id='word_1_378' title='bbox 1006 4039 1092 4091; x_wconf 85' lang='lat' dir='ltr'><strong>Tanai</strong></span> <span class='ocrx_word' id='word_1_379' title='bbox 1106 4036 1218 4087; x_wconf 82' lang='lat' dir='ltr'><strong>flumine</strong></span> 
     </span>
     <span class='ocr_line' id='line_1_45' title="bbox 141 4108 1217 4185; baseline -0.013 -16"><span class='ocrx_word' id='word_1_380' title='bbox 141 4116 226 4185; x_wconf 74' lang='lat' dir='ltr'><strong>magis</strong></span> <span class='ocrx_word' id='word_1_381' title='bbox 251 4114 493 4184; x_wconf 56' lang='lat' dir='ltr'><strong>septentrionalem</strong></span> <span class='ocrx_word' id='word_1_382' title='bbox 529 4112 756 4183; x_wconf 83' lang='lat' dir='ltr'><strong>quemadmodum</strong></span> <span class='ocrx_word' id='word_1_383' title='bbox 783 4120 812 4163; x_wconf 88' lang='lat' dir='ltr'><strong>et</strong></span> <span class='ocrx_word' id='word_1_384' title='bbox 838 4111 909 4163; x_wconf 82' lang='lat' dir='ltr'><strong>aliae</strong></span> <span class='ocrx_word' id='word_1_385' title='bbox 930 4111 1062 4165; x_wconf 84' lang='lat' dir='ltr'><strong>barbarae</strong></span> <span class='ocrx_word' id='word_1_386' title='bbox 1082 4108 1217 4168; x_wconf 87' lang='lat' dir='ltr'><strong>nationes,</strong></span> 
     </span>
     <span class='ocr_line' id='line_1_46' title="bbox 143 4180 1217 4261; baseline -0.011 -18"><span class='ocrx_word' id='word_1_387' title='bbox 143 4194 281 4261; x_wconf 80' lang='lat' dir='ltr'><strong>quotquot</strong></span> <span class='ocrx_word' id='word_1_388' title='bbox 295 4188 366 4241; x_wconf 79' lang='lat' dir='ltr'><strong>iutra</strong></span> <span class='ocrx_word' id='word_1_389' title='bbox 391 4184 492 4241; x_wconf 85' lang='lat' dir='ltr'><strong>imaum</strong></span> <span class='ocrx_word' id='word_1_390' title='bbox 512 4190 631 4237; x_wconf 80' lang='lat' dir='ltr'><strong>montem</strong></span> <span class='ocrx_word' id='word_1_391' title='bbox 649 4186 679 4239; x_wconf 87' lang='lat' dir='ltr'><strong>ia</strong></span> <span class='ocrx_word' id='word_1_392' title='bbox 691 4182 955 4239; x_wconf 74' lang='lat' dir='ltr'><strong>Asiaeonrederunt</strong></span> <span class='ocrx_word' id='word_1_393' title='bbox 990 4180 1106 4235; x_wconf 74' lang='lat' dir='ltr'><strong>trivero</strong></span> <span class='ocrx_word' id='word_1_394' title='bbox 1123 4192 1217 4232; x_wconf 78' lang='lat' dir='ltr'><strong>omns·</strong></span> 
     </span>
    </p>
   </div>
   <div class='ocr_carea' id='block_1_6' title="bbox 0 0 1476 4792">
    <p class='ocr_par' dir='ltr' id='par_1_6' title="bbox 0 0 1476 4792">
     <span class='ocr_line' id='line_1_47' title="bbox 0 0 1476 4792; baseline 0 0"><span class='ocrx_word' id='word_1_395' title='bbox 0 0 1476 4792; x_wconf 95' lang='lat' dir='ltr'><strong> </strong></span> 
     </span>
    </p>
   </div>
  </div>
 </body>
</html>
