2900 4792
494 214 537 282 m
562 213 791 284 lausana.
1098 195 1185 314 339

96 363 291 452 ἐπιστροφῆς
310 364 426 449 δίωξιν,
438 371 527 454 quod
540 369 733 454 ἐπιτήδευμα
750 375 817 439 sive
827 383 940 456 artam,
959 376 1184 464 usmerpopd-

95 448 158 532 δην
176 451 314 530 scilieet,
330 451 393 516 hoc
411 463 459 516 est
469 456 674 518 retroversim
691 459 725 518 in
744 459 820 542 fuga
831 462 1010 542 pugnandi,
1031 463 1183 546 Agathino

92 533 240 598 barbaria
246 535 441 620 peculiarem
457 537 555 599 fnisse
564 537 675 600 scribit
687 538 770 600 infra
776 562 849 624 pag.
858 542 910 622 64.
918 543 974 610 lin.
983 547 1014 622 4.
1030 547 1183 624 [rao,15.l

93 617 187 680 unde
203 617 475 703 elegantissimum
490 620 581 680 illnm
590 615 788 684 Hunnorum
804 645 936 704 morem,
959 635 1069 708 etque
1082 640 1178 712 pacto

93 721 136 760 ea
161 700 287 766 ratione
317 701 421 763 multo
440 702 565 786 gravius
587 702 712 766 hostem
731 707 921 781 laedebant,
953 719 1061 792 petere
1078 721 1180 794 potes.

91 781 156 844 Est
172 803 251 846 sero
276 786 372 848 etiam
391 782 540 860 παλάαξις
560 787 752 849 vocabulum
770 790 866 872 plane
890 793 1114 872 Homericum,
1137 795 1179 858 de

91 882 164 1008 pun
178 865 268 946 olias,
289 879 327 930 nt
345 887 441 951 supra
456 867 620 953 pollicitus
640 892 730 946 snm,
752 873 953 937 commodior
969 875 1031 938 erit
1047 877 1182 941 dicendi

109 969 198 1016 nonu

177 1056 258 1136 Peg.
277 1055 327 1120 55.
344 1055 401 1123 tin.
418 1055 449 1123 8.
471 1055 537 1136 [64,
550 1059 596 1135 4.]
619 1059 674 1122 καί
687 1055 780 1140 θαμὰ
796 1061 835 1146 τῇ
859 1057 1008 1145 σάλπιγγι
1021 1067 1179 1144 emelinu-

89 1140 232 1219 βεϊσθαι.
260 1139 435 1202 Annotnrit
456 1137 549 1204 launo
569 1143 678 1204 locum
698 1144 733 1204 in
753 1145 819 1206 suis
840 1145 1182 1212 A'nimadrersionilsns

90 1221 274 1284 Hadrianus
290 1222 403 1285 lunius
420 1221 476 1284 lib.
494 1245 519 1290 t.
536 1245 604 1306 cap.
620 1227 650 1302 4.
662 1235 695 1288 et
703 1227 886 1290 versionem
903 1231 1073 1310 Personae,
1093 1253 1177 1314 quan

91 1303 142 1366 sic
160 1303 314 1379 habebnt,
336 1319 367 1366 et
382 1309 457 1368 tuba
473 1307 637 1369 classicum
653 1323 844 1390 personante
853 1311 997 1390 obtundi,
1014 1312 1060 1374 sic
1074 1313 1178 1376 norri-
1343 1385 1346 1394 Α

91 1389 157 1470 git,
177 1399 209 1448 et
229 1387 397 1470 confestim
411 1391 485 1450 tuba
507 1391 673 1452 classicum
687 1405 827 1470 canente,
846 1393 892 1455 ed
910 1396 999 1476 signa
1019 1397 1181 1458 turmatim
1190 1405 1221 1460 V.
1235 1417 1283 1476 rat

91 1473 175 1550 cogi.
191 1470 331 1548 addens,
352 1470 391 1530 td
411 1473 493 1532 euim
517 1487 565 1534 est
585 1495 652 1535 meo
694 1471 801 1534 uidem
818 1475 941 1538 iudicio
966 1480 1177 1558 καταβομβεϊ-

89 1552 180 1628 σθαι,
200 1553 303 1612 instar
320 1574 414 1636 apum
429 1557 587 1616 examinis
603 1495 811 1628 condensari,
833 1557 888 1618 uel
903 1575 996 1640 apum
1005 1581 1092 1620 more
1101 1581 1180 1623 con-

89 1635 210 1696 volare.
231 1637 300 1716 ligo
317 1632 379 1696 hoc
392 1644 516 1697 tantum
538 1639 661 1700 Narseti
684 1637 886 1722 propositum
907 1641 1006 1702 fuisse
1029 1643 1178 1721 arbitror,

89 1727 129 1779 nt
149 1726 182 1777 et
202 1720 349 1800 equitum
367 1728 399 1779 et
420 1738 575 1802 equorum
596 1742 673 1782 anre
715 1719 827 1782 crebro
856 1721 1006 1783 tubarum
1026 1725 1178 1810 clangore

87 1809 341 1884 personarentur
361 1803 457 1883 eique
479 1743 695 1868 assuefiarenl.
725 1802 799 1863 Alia
821 1803 1027 1866 erantmnlta
1042 1828 1080 1868 eo
1103 1811 1177 1870 loco

89 1882 248 1966 digniora,
272 1903 355 1965 quae
376 1883 465 1944 lunii
485 1885 787 1967 autalioquiillius,
811 1887 869 1982 qui
886 1891 988 1947 totum
1008 1891 1177 1971 Agathiam

87 1965 311 2048 interpolavit,
334 1965 476 2026 obelisco
498 1968 747 2050 configerentur,
771 1985 864 2028 culus
881 1970 1007 2051 generis
1022 1981 1071 2031 est
1091 1971 1175 2034 illud

86 2043 199 2109 καὶτὰ
219 2044 293 2129 isliu
310 2046 485 2126 ἐμιαιίετο;
507 2049 593 2130 qnod
612 2049 669 2110 ille
685 2051 727 2109 ita
744 2051 852 2122 vertit,
873 2051 1056 2134 praedaque
1072 2057 1176 2115 omnis

86 2131 366 2216 compescebatur,
386 2151 444 2213 pro
466 2143 584 2211 segetes
595 2132 832 2215 polluebantur,
855 2153 927 2193 cum
943 2131 1175 2220 videlicetpas·

86 2234 146 2274 sim
164 2235 271 2296 sparsa
284 2213 426 2274 iacerent
443 2215 605 2276 cadavera.
628 2217 714 2278 Vere
729 2225 836 2275 nutem
854 2215 967 2277 lunius
979 2225 1075 2298 caput
1091 2217 1175 2282 illud

85 2295 177 2358 hisce
198 2295 305 2359 verbis
324 2295 463 2357 claudits
493 2297 587 2358 Libri
602 2299 765 2358 materiam
789 2301 879 2358 nesci
900 2299 1111 2374 milsivideo,
1144 2301 1175 2362 si

83 2392 225 2455 cunctas,
242 2398 321 2458 quae
338 2381 372 2440 iu
385 2399 421 2440 eo
436 2381 568 2442 authore
583 2381 692 2460 latent,
710 2381 841 2441 mendas
855 2399 970 2442 sanare
990 2383 1045 2443 vel
1061 2385 1173 2446 saltem

81 2462 178 2524 stibio
193 2461 345 2522 iuducere
361 2462 465 2526 uelim.

166 2561 246 2641 Peg.
261 2561 311 2622 36.
333 2561 386 2623 liu.
401 2561 432 2639 4.
452 2561 590 2643 [6412]
612 2559 746 2646 flpsns'p.
766 2563 883 2624 melius
899 2561 1043 2646 βρεττίω.

166 2660 245 2742 Peg.
260 2661 309 2734 37.
320 2660 375 2723 tin.
397 2683 441 2726 ia.
458 2660 521 2740 [67,
534 2661 577 2736 5.]
592 2651 629 2719 ori
643 2657 730 2756 μᾴλα
746 2650 877 2742 ἤρκεσεν
894 2660 1062 2739 ἐπαμῦναι.
1079 2659 1173 2727 Vertl

80 2745 197 2826 potuit.
219 2747 358 2805 Persona
379 2743 509 2805 videtur
532 2743 647 2826 legisse
669 2763 806 2826 ηρασκεν.
855 2745 961 2808 Vertit
986 2747 1072 2807 enim
1100 2765 1172 2807 cum

72 2827 182 2910 fratri
190 2827 314 2887 auxilie
330 2828 451 2888 mittere
460 2825 689 2907 uilplacuisset·
728 2827 784 2893 lin.
797 2829 841 2904 ¹4·
855 2828 888 2901 [l.
899 2835 940 2908 7.]
954 2828 1082 2910 πυκνῆς.
1103 2829 1171 2890 Te-

80 2919 182 2972 status
201 2930 270 2970 sum
284 2908 317 2967 in
338 2908 479 2991 Epistola
494 2909 533 2969 ad
551 2911 715 2969 lectorem
729 2930 779 2970 me
801 2909 954 2992 pleraque
973 2911 1090 2972 veteris
1104 2911 1170 2971 Cn-

80 2991 166 3054 ‹licis
181 2991 257 3053 vitia
276 2991 320 3051 ita
340 3002 375 3052 ut
395 3000 486 3052 erant
507 2991 655 3052 consulto
679 2990 712 3050 in
736 2991 797 3054 hac
820 2992 962 3054 editione
986 2993 1168 3088 reliquisse,

80 3094 260 3158 eorumque
278 3074 510 3136 correctionem
528 3071 617 3136 Notis
633 3090 821 3137 reservasse.
848 3075 1035 3158 Legendum
1058 3083 1168 3157 itaque

79 3158 215 3219 omnino
233 3155 374 3238 πικένης,
395 3167 474 3218 utet
490 3156 583 3232 verti,
603 3157 656 3218 rel
674 3153 880 3240 πευκεατίιης.
929 3155 1046 3234 linat.
1062 3156 1168 3232 [l.16.]

80 3239 116 3302 ir
133 3237 222 3323 αὐτῷ
242 3236 279 3320 δή
295 3239 338 3325 τῷ
353 3239 482 3324 αἰγιαλῷ
499 3239 557 3299 τοῦ
571 3237 700 3300 ‘invasos
715 3235 842 3301 κόλπου.
864 3237 931 3301 Hoc
950 3241 1022 3302 loco
1036 3241 1168 3302 Adriarn

80 3333 178 3384 rocat
194 3322 340 3385 lonicum
359 3323 485 3398 sinum,
507 3341 600 3404 snpra
619 3342 690 3404 pag.
707 3323 757 3388 55.
779 3322 850 3401 165,
877 3329 915 3398 u]
936 3323 1017 3385 dixit
1033 3323 1167 3386 Adriam

79 3404 245 3491 pertinere
261 3406 302 3467 ad
318 3406 527 3489 Hydruntem.
557 3403 636 3467 hinc
653 3403 799 3488 incipere
810 3405 978 3488 lonicum.

163 3522 241 3601 Peg.
257 3521 307 3585 38.
328 3521 385 3586 liu.
405 3541 449 3580 rs.
467 3517 540 3603 [69‚
560 3527 604 3604 9.]
628 3513 857 3592 Ἀλπισκατιας.
906 3520 1003 3600 Quod
1021 3520 1075 3584 alii
1094 3515 1168 3604 plu·
1208 3571 1211 3578 .

80 3601 195 3666 raliter
212 3604 333 3665 duabus
358 3603 490 3666 vocibus
513 3603 628 3664 dicunt
645 3591 754 3674 ιῖλπεις
780 3598 902 3681 cuiue,
934 3603 995 3666 hoo
1016 3605 1166 3687 Agathino

80 3687 284 3770 ignoratione
309 3685 439 3768 linguae
463 3685 581 3747 latinae
603 3684 700 3745 unica
724 3705 801 3746 voce
827 3707 886 3767 per
901 3685 1083 3832 genitivum
1101 3689 1167 3749 sin·

81 3769 230 3854 gulasem
238 3770 381 3852 protulit
448 3768 505 3835 liu.
520 3767 572 3845 46.
582 3775 646 3848 [7⁰²
661 3767 719 3840 18.]
729 3757 888 3848 νηφάλιοι.
933 3769 993 3830 erti
1006 3789 1083 3830 sona
1097 3769 1165 3833 sire

80 3857 206 3932 integro
224 3865 345 3924 mente,
380 3849 506 3914 lsooest
526 3847 705 3932 σώφρονεςι
740 3849 876 3932 opponit
904 3852 993 3914 enim
1010 3851 1069 3912 laos
1090 3853 1166 3916 duci

79 3935 238 4018 ipsorum,
258 3934 374 4016 dequo
386 3943 479 3994 antes
498 3933 596 3994 dixit:
615 3928 783 4012 παραπλήξ
803 3951 836 3991 τε
853 3928 987 4010 a'yavivee
1006 3929 1060 3994 καί
1073 3930 1165 3996 sttr-

79 4039 122 4078 τα
142 4015 339 4098 περιφανῶς,
368 4010 512 4112 καθάπερ
535 4011 563 4074 oi
577 4008 728 4099 ἔκφρονες
749 4011 803 4074 καί
820 4011 1004 4096 μεμηνότες.
1045 4017 1165 4082 Notum

81 4108 130 4163 ent
146 4097 229 4162 illud
244 4097 450 4182 Epicharmi,
471 4117 562 4180 αηφε.
