2900 4792
289 185 368 271 190
735 186 944 251 noemma

134 350 199 405 etc.
219 346 270 403 555
278 342 373 403 τοῦτο
387 339 429 404 δέ
448 336 605 424 ἔδρασαν,
635 338 680 414 ὥς
700 329 741 401 δν
762 334 808 421 μὴ
834 334 890 421 τὴν
916 338 1042 401 ἐνθένδε
1069 330 1145 421 ὕλην
1167 335 1198 401 οἱ
1216 340 1365 420 πολέμιοι

185 418 451 523 “dampnum
465 434 604 521 ἔχοντες,
633 436 770 511 εὐκόλως
791 433 846 511 τὰς
866 435 1077 519 ἐπιτεχνήσεις
1093 438 1155 501 τῶν
1171 432 1271 521 ἔργων
1291 458 1367 501 ποι-

278 545 368 601 οἴντο.
389 538 506 620 ἐκείνης
521 538 580 617 μὲν
601 528 657 600 οὖν
675 537 733 619 τῆς
752 535 873 620 ἡμέρας
893 534 986 598 οὐδέν
999 560 1031 598 τι
1047 533 1259 619 ἀξιαφήγητον
1275 526 1354 599 aitte

202 641 271 711 Ἆγι
284 634 441 720 ἐπράχθη,
462 628 553 716 itte,
570 634 680 711 νυκτὸς
704 633 930 719 έπιφοιτιδσης,
958 631 975 697 δ
993 628 1187 715 Ναχοραγιὲν
1202 627 1269 712 ἅμα
1285 640 1356 709 τοϊς

278 731 429 818 πλήθεσιν
443 736 477 810 ές
491 732 527 797 τὸ
544 734 759 819 στρατόπεδον
772 734 931 817 ἐπανῆκεν.
952 734 992 817 τῇ
1009 732 1044 795 δὲ
1059 730 1207 818 ὑστεραίᾳ
1222 730 1239 794 δ
1260 736 1387 817 Mega-5

250 841 363 908 Βτῖνος
387 829 426 896 τά
462 836 581 897 τετῶν
609 834 731 895 οἰκείων
756 827 941 916 φρονήματα
969 826 1143 913 ἐπιρρῶσαι
1169 825 1364 909 βουλόμενος

278 929 336 997 καὶ
354 928 428 1013 τούς
450 930 610 1011 ἐναντίους
630 932 797 1013 ἐκπλῆξαι,
826 921 956 1013 ἤθροισε
974 931 1033 1009 μὲν
1052 930 1086 1003 ἐς
1109 925 1208 991 varied
1232 924 1364 991 ἅπασαν

276 1028 338 1115 την
359 1031 424 1094 τοῖν
442 1028 613 1111 ‘Perpetem
633 1026 798 1114 στρατιάν,
829 1027 872 1103 ὥς
898 1028 936 1111 (λη’
956 1052 987 1117 rs
1011 1029 1074 1091 τῶν
1103 1022 1266 1110 παρόντων
1286 1030 1364 1111 πέρι

277 1123 533 1210 διασκεψάμενος·
566 1129 711 1215 εἰσφοιτᾷ
739 1128 773 1191 δὲ
809 1122 930 1212 ἀθρόον
960 1128 993 1200 ές
1017 1126 1133 1205 μέσον,
1172 1121 1252 1188 οὕτω
1283 1124 1364 1211 πρὸς

279 1227 383 1291 αὐτοῦ
401 1230 668 1312 μεμελετημένον,
697 1221 775 1312 ἀνήρ
799 1250 847 1300 τις
867 1228 930 1289 τῶν
953 1224 992 1288 οδ
1010 1223 1081 1289 λίιιν
1098 1226 1276 1308 γνωριμαιν,
1305 1248 1411 1291 κο-ιο

277 1329 406 1411 νιορτοῦ
425 1349 459 1389 τε
481 1323 656 1406 ἀνάπλεως,
689 1328 743 1389 καί
764 1317 829 1399 οἶος
844 1324 879 1387 ἐκ
896 1326 1021 1407 μακρᾶς
1040 1321 1219 1407 ὁδοιπορίας
1240 1319 1362 1400 εἰκάζει

279 1428 376 1503 σθαι,
403 1417 490 1506 ἥκειν
504 1447 539 1485 τε
555 1421 659 1506 ἔλέγεν
677 1424 791 1487 αὐτίκα
808 1424 842 1487 ἐκ
867 1421 1043 1500 Βοζαντιλιιι
1052 1472 1062 1501 ,
1089 1422 1143 1484 καί
1155 1418 1285 1505 γράμμα
1301 1423 1363 1483 τοῦ

277 1522 432 1604 βασιλέως
450 1522 668 1606 ἐπιφέρεσθαι.
700 1518 807 1603 λαβὼν
825 1523 860 1584 δὲ
878 1522 970 1584 τοῦτο
988 1514 1203 1601 ἁσμενέστατα
1225 1520 1320 1601 δῆθεν
1344 1515 1363 1581 δ

278 1615 467 1702 στρατηγὸς,
496 1617 552 1681 καί
571 1618 729 1698 α’νελίξας,
758 1613 815 1681 οὐκ
836 1620 870 1682 έν
892 1614 1057 1705 ἀπορρήτῳ
1075 1618 1150 1683 καθ’
1167 1612 1262 1680 αὑτὸν
1289 1615 1363 1679 dre.

279 1719 400 1800 λέγετο,
422 1717 498 1781 οὐδὲ
518 1716 627 1798 μόνοις
648 1727 713 1792 τοῖς
730 1709 871 1798 ὄμμασιν
891 1717 994 1804 ἡσυχῇ
1016 1715 1105 1781 διϊιδν
1129 1719 1175 1803 τῷ·
1194 1717 1236 1803 opi
1258 1717 1405 1798 εἰσῆγειό

278 1813 320 1877 τὰ
338 1818 554 1900 γεγραμμένα,
587 1810 780 1899 α’λλίἶνεβόα
797 1816 926 1901 λαμπρᾷ
947 1818 985 1900 τῇ
1005 1818 1095 1901 φανῇ
1105 1866 1114 1894 ,
1143 1814 1187 1889 οἷς
1204 1810 1244 1879 δν
1259 1808 1362 1877 ἅπαν-

278 1938 329 1989 τες
344 1914 490 1980 έπαῖοιεν.
519 1914 632 2002 καὶτῷ
649 1916 709 1996 μὲν
731 1912 876 2001 βιβλιδίῳ
894 1914 999 2001 ἑκειλιρι
1018 1911 1094 1989 ι”σιος
1111 1906 1186 1977 ἄλλο
1209 1938 1241 1981 τι
1259 1914 1363 1995 ἐνεγέ-

249 2036 409 2099 ργραπτο.
435 2004 475 2096 ἦν
497 2014 533 2077 δέ
554 2008 639 2094 ὅμως
658 2012 698 2076 τὰ
717 2012 862 2094 βοώμενα
885 2013 970 2078 τάδε·
1005 2012 1218 2093 ,,ε’στοὶλκιιμέν
1240 2034 1289 2077 σοι
1306 2008 1365 2077 καί

281 2106 393 2196 ἑτέραν
419 2108 571 2195 στρατιὰν
578 2163 589 2193 ,
623 2111 660 2174 οδ
674 2113 786 2191 μείονα
812 2114 868 2195 τῆς
899 2111 1087 2196 προσούσης·
1115 2110 1218 2175 καίτοι
1246 2112 1275 2175 εἰ
1305 2108 1365 2173 κατ’

280 2211 384 2298 πολλῷ
398 2209 524 2285 πλείους
541 2207 571 2273 οἱ
588 2213 751 2290 δυσμενεῖς
771 2205 956 2292 τυγχάνοιεν
973 2200 1074 2290 ὄντες,
1096 2211 1165 2274 ἀλλ’
1185 2209 1242 2273 aen
1258 2211 1290 2284 ές
1307 2232 1403 2279 το-οο

279 2312 389 2373 σοῦτον
404 2307 491 2389 ὑμᾶς
505 2308 759 2397 δπερβαλοῦνται
777 2312 820 2396 τῷ
839 2306 971 2393 πλήθει,
1001 2306 1114 2373 ὁπόσον
1139 2308 1228 2389 ὑμεῖς
1246 2312 1285 2395 τῇ
1302 2303 1363 2373 ἇν-

281 2406 372 2495 δρίρ,
401 2401 482 2470 ὥστε
509 2405 706 2493 συμβήσεται
735 2404 791 2491 τήν
817 2431 852 2471 τε
872 2402 1033 2492 ὀλιγότητα
1054 2406 1109 2471 καί
1131 2406 1188 2491 την
1209 2407 1362 2492 ἀμετρίαν

279 2508 340 2571 τῶν
364 2502 442 2570 ἴσων
454 2502 501 2589 μη
521 2500 739 2591 ἀφεστηκέναι.
763 2503 805 2580 ὥς
824 2498 863 2568 ἂν
880 2508 915 2569 δὲ
928 2506 1008 2589 μηδὲ
1024 2501 1121 2592 ταύτῃ
1136 2507 1247 2569 ἐκεῖνοι
1261 2529 1363 2588 μεγα-

349 2668 374 2718 9.
391 2646 466 2717 πρός
484 2642 513 2717 γ’
529 2643 619 2697 edred
635 2646 705 2715 vulg.
778 2664 816 2701 ιο.
835 2647 1078 2719 μεμελετησμένον
1099 2648 1126 2697 R.
1201 2648 1239 2703 15·
1263 2647 1301 2717 τῷ
1318 2654 1362 2721 vel

348 2734 401 2773 om.
421 2720 451 2770 R.
493 2736 530 2788 ¹9·
549 2716 749 2789 προσηκούσης
769 2716 800 2772 R.
852 2720 894 2771 23.
913 2719 951 2770 ἐκ.
976 2717 1133 2789 μεγ,ταίτ.
1153 2718 1186 2773 R.

279 2842 410 2895 nimirum
436 2842 570 2905 consilio,
596 2858 631 2895 ne
659 2841 775 2906 hostes,
800 2843 968 2896 commodam
988 2844 1047 2897 illic
1066 2852 1209 2916 aptamque
1227 2846 1282 2897 suis
1300 2849 1362 2899 usi-

280 2914 332 2965 bus
353 2915 491 2965 materiam
511 2914 600 2977 nacti,
624 2913 704 2965 facile
729 2930 810 2982 opera
827 2915 1048 2967 machinarentur.
1083 2917 1120 2968 Eo
1143 2915 1235 2987 itaque
1253 2916 1298 2967 die
1313 2920 1363 2968 ni-

280 2983 323 3035 hil
339 2984 415 3035 aliud
434 2992 583 3036 memoratu
609 2982 720 3053 dignum
742 2994 783 3036 est
801 2995 918 3055 gestum3
935 2994 1015 3037 nocte
1035 2994 1124 3037 autem
1143 2988 1286 3055 ingruente
1301 2986 1362 3039 Na·-

281 3054 413 3124 choragan
430 3072 459 3105 se
479 3072 540 3107 cunr
564 3056 651 3123 copiis
674 3056 731 3105 suis
749 3057 779 3106 in
801 3065 885 3107 castra
906 3056 1016 3123 recepit.
1053 3054 1185 3106 Postridie
1205 3071 1267 3107 vero
1286 3056 1363 3109 Mar-

281 3127 357 3178 tinus
376 3142 438 3177 cum
460 3127 692 3177 suorumanimos
719 3127 876 3178 confirmare
892 3125 989 3187 vellet,
1008 3123 1100 3176 hostes
1116 3142 1179 3177 vcro
1197 3127 1362 3195 percellere,

281 3196 439 3248 universum
454 3197 635 3248 Romanorum
654 3195 801 3246 exercitum
820 3197 850 3248 in
868 3212 951 3247 unum
966 3197 1066 3263 coegit,
1088 3204 1213 3264 tanquam
1231 3197 1265 3247 de
1279 3212 1364 3265 prae·

282 3267 354 3319 senti
374 3283 462 3318 rerum
485 3274 555 3316 statu
586 3266 792 3317 consultaturus.
838 3266 988 3319 Confestim
1013 3281 1075 3315 vero
1095 3266 1124 3317 in
1144 3266 1262 3317 medium
1281 3268 1364 3321 venit

282 3337 339 3407 (ita
357 3334 429 3389 enirn
440 3334 470 3386 id
489 3338 547 3402 ipse
564 3334 739 3403 procurarat)
756 3335 798 3385 vir
852 3334 922 3387 idam
942 3353 998 3387 non
1011 3334 1154 3387 admodum
1174 3344 1272 3398 notus,
1294 3339 1361 3405 pul-

282 3424 346 3459 vere
364 3407 468 3458 obsitus
492 3403 606 3473 perinde
631 3420 662 3456 ne
682 3406 705 3455 si
726 3414 797 3457 esset
834 3406 999 3476 onginquum
1025 3408 1077 3457 iter
1102 3422 1247 3471 emensus3
1280 3407 1302 3459 is
1329 3424 1361 3460 se

283 3486 408 3530 recenter
422 3477 550 3541 Byzantio
570 3476 664 3526 venire
681 3474 807 3537 dicebat,
824 3476 982 3547 litterasque
1000 3476 1035 3528 ab
1054 3477 1216 3546 Imperatore
1237 3475 1361 3543 adferre,-

284 3564 351 3618 quas
375 3564 434 3598 cum
453 3545 610 3665 praefectus
639 3543 822 3599 libentissime
851 3550 998 3615 accepisset
1033 3564 1065 3597 ac
1093 3550 1276 3615 resignasset,
1302 3564 1361 3601 non

283 3632 380 3667 arcane
399 3632 452 3683 apu
487 3630 518 3665 se
540 3616 675 3685 perlegit,
701 3631 793 3685 neque
819 3617 883 3669 solis
903 3619 987 3669 oculis
1016 3618 1113 3669 tacitus
1142 3633 1299 3687 percurrens
1326 3620 1360 3671 in

285 3688 376 3737 animo
393 3702 442 3737 suo
464 3700 555 3735 earnm
573 3702 703 3737 summam
721 3687 878 3755 premebat,
894 3687 959 3739 ‚sed
983 3686 1036 3738 alta
1061 3702 1126 3740 voce
1152 3689 1305 3752 recitabat,
1327 3698 1361 3741 ut

286 3772 378 3807 omnes
397 3754 565 3807 exaudirent.
601 3757 636 3807 Et
652 3754 749 3809 libello
770 3758 879 3827 quidem
898 3758 947 3809 ilio
970 3758 1089 3809 fortassis
1108 3758 1184 3810 aliud
1203 3760 1270 3829 quid
1292 3776 1360 3810 eon·

285 3826 440 3892 tinebatur3
464 3842 532 3896 qnae
552 3841 616 3877 vero
636 3825 836 3891 recitabantur,
861 3827 928 3879 haec
945 3834 1021 3879 erant
1036 3849 1043 3880 a
1061 3828 1185 3880 Misimus
1203 3830 1255 3879 tibi
1275 3830 1360 3881 etiam

284 3897 369 3947 aliurn
387 3897 550 3957 exercitum,
573 3911 630 3947 nou
644 3898 777 3947 minorem
796 3913 829 3949 eo
848 3913 929 3966 quem
946 3896 1045 3961 habes,
1069 3914 1100 3948 ac
1120 3898 1236 3968 proinde
1255 3898 1360 3952 etiarnsi

284 3965 378 4018 lrostes
399 3967 483 4018 multo
506 3967 562 4017 sint
586 3965 664 4018 vobis
680 3966 793 4036 plnres,
819 3983 875 4019 non
897 3975 1038 4037 tantopere
1056 3974 1146 4019 tamen
1165 3984 1211 4021 vos
1231 3968 1361 4037 multitu-

286 4036 351 4089 dine
367 4036 548 4107 superabunt,
571 4042 702 4107 qnantum
723 4052 770 4089 vos
789 4035 967 4105 fortitudine,
993 4054 1047 4109 quo
1070 4038 1118 4089 flet
1136 4043 1169 4087 ut
1185 4036 1316 4107 paucitati
1330 4047 1359 4091 et

284 4106 579 4162 manturanum
601 4114 708 4161 consmt
724 4106 882 4181 aequalitas.
917 4107 958 4169 tie
980 4122 1045 4163 reso
1069 4107 1151 4173 etiarn
1167 4105 1221 4161 hoc
1246 4109 1358 4163 nomine
