2900 4792
250 166 330 271 140
594 258 598 266 .
677 200 887 269 totusue

99 368 129 421 Δ.
144 366 173 418 (ἶ,
188 340 374 437 tsidss'r'suor
399 343 749 442 drdrur‘dflcispulus‚
777 356 831 421 sui
856 359 948 421 πλέον
973 358 1115 425 ἐπεκάλει
1133 364 1177 449 τῷ
1202 363 1322 449 Βέσσᾳ,

41 504 44 512 .
133 437 300 514 .²¹·²⁸sui
318 456 387 531 μετ’
396 452 523 531 ’ἐκεῖνον
538 452 695 543 Μαρτάιρ
713 454 769 521 καί
789 452 972 543 Ῥουστίκῳ.
1002 451 1093 534 οὗτος
1112 460 1146 525 δὲ
1173 458 1326 525 Ῥούστι-

245 574 297 625 κος
311 542 353 634 ἧν
370 552 431 630 μὲν
449 545 710 636 Ἑλληνογαλάτνγς
733 552 770 618 τά
786 556 890 637 γένος,
922 556 1026 639 παρῆν
1047 558 1082 621 δὲ
1113 554 1224 623 αάτάσε
1260 553 1299 621 οδ
1302 582 1327 640 χ

245 645 327 714 ὥστε
346 647 519 733 στρατηγὸς
541 642 564 733 ἢ
580 652 749 738 ταξίαρχος
764 646 785 738 ἢ
799 645 876 717 άλλο
895 676 928 717 τι
946 648 1103 719 εἶναιτῶν
1120 652 1326 742 παρατάξεων

244 748 357 833 μίρος,
389 750 506 829 ταγιάις
525 751 562 812 δὲ
583 747 680 830 μόνον
705 755 767 816 τάν
791 754 944 835 βασιλέως
966 754 1159 837 χρημάτων,
1194 748 1231 818 σά
1255 752 1350 837 μὴνό

245 851 309 913 τοῖν
331 850 367 912 ἐκ
383 850 440 930 τῆς
460 850 679 935 δασμοφοράις
698 852 935 937 ἐρανιζομένων,
958 843 1056 939 (sitigo
1079 850 1141 938 γάρ
1163 876 1206 941 τῳ
1224 856 1330 919 ταῦτα

245 947 453 1033 ἐπετέτραπτο
464 950 490 1034 ,)
509 943 588 1011 άλλά
612 952 676 1013 τῶν
688 945 750 1014 ὅσα
774 953 809 1017 ἐκ
833 953 897 1014 τοῖν
917 953 1084 1031 βασιλείων
1105 954 1277 1037 θησαυρῶν
1295 952 1332 1016 ά-

178 1093 181 1098 >
247 1046 418 1131 πεπόμφει,
446 1037 539 1135 ἔφ’ρῖ
557 1044 633 1123 τούς
648 1040 868 1135 ἀριστεύοντας
886 1050 922 1115 ἐν
934 1058 1003 1124 ταῖς
1022 1046 1140 1131 μάχαις
1154 1046 1195 1115 τά
1212 1046 1333 1135 προσά-

161 1151 340 1215 ertum
357 1142 547 1225 ιωμιζεσθαι
565 1146 653 1231 γέρα.
687 1150 834 1213 ἐντεῦθέν
854 1170 890 1211 τε
912 1146 970 1213 odas
991 1139 1112 1231 άσημος
1134 1140 1173 1231 ἦν
1194 1146 1214 1211 o‘
1237 1142 1332 1233 ἀνὴρ»

247 1241 327 1309 άλλά
347 1244 405 1307 καί
419 1242 491 1308 λίαν
506 1246 571 1309 τάν
592 1242 837 1329 δυνατωτάτων,
858 1242 903 1322 άς
921 1243 977 1309 καὶ
993 1243 1141 1321 κοινωνὸς
1160 1238 1243 1311 εἶναι
1264 1249 1378 1311 coium

246 1336 453 1428 ἀπορρήτων,
485 1344 601 1425 βίβαιά
617 1368 653 1410 τε
680 1342 751 1411 τότε
778 1348 879 1411 δοκεῖν
908 1342 964 1409 καί
977 1340 1155 1429 ,πιστάτερα
1177 1342 1217 1409 τά
1241 1342 1331 1429 παρά

246 1442 313 1506 τάν
328 1438 493 1525 άρχάντων
508 1440 757 1525 άναγγελλάμενα
763 1494 774 1526 ,
795 1443 888 1528 ἡνίκα
902 1437 942 1509 dv
956 1446 1073 1509 ἐκεῖνον
1093 1443 1219 1530 άρέσκγγ.
1245 1439 1334 1509 ’Ἰσο-

247 1536 409 1614 στινιανδς
423 1542 460 1603 δὲ
478 1532 540 1624 ἤδη
560 1543 615 1605 καὶ
638 1538 787 1629 πρότερον
802 1540 1001 1625 χαλεπαίνων
1019 1543 1062 1629 τῷ
1082 1544 1206 1630 Βέσσρ,
1227 1537 1276 1605 δτι
1293 1538 1335 1627 δὴ

249 1643 381 1723 Πέτρας
402 1633 485 1703 itur
508 1634 546 1703 τά
575 1638 738 1726 φρούριον,
759 1638 831 1727 πρίν
852 1634 1029 1728 &poturas
1052 1637 1107 1705 τὸν
1129 1641 1335 1725 Μερμεράην,

249 1740 323 1803 δέον
341 1730 441 1801 αὐτὸν
459 1734 517 1812 τάς
540 1738 574 1817 ἐξ
592 1738 730 1825 Ἰβηρίας
746 1736 889 1816 εἰσόδους
908 1737 1131 1824 καρτερώτατα
1146 1736 1378 1824 διαφράξααιὸ

248 1835 630 1927 σολλαμβανσάσηςαάτῷ
640 1842 695 1923 τῆς
708 1839 834 1925 φύσεως
851 1840 914 1903 τῶν
925 1841 1064 1924 χοιρίων,
1079 1836 1177 1925 ταύτῃ
1186 1861 1219 1901 τε
1230 1832 1335 1919 άβατα

248 1942 315 2011 τοῖς
329 1933 505 2022 βαρβάροις
521 1935 562 2003 τά
583 1940 726 2023 Λαζικῆς
744 1934 816 2024 άρια
840 1940 1046 2021 καταστῆσαι,
1077 1936 1144 2001 ὅδὲ
1162 1939 1256 2001 τοῦτο
1270 1960 1337 2017 ,με-

250 2036 348 2121 θῆκεν
363 2031 425 2099 διεδ
446 2034 624 2125 ῥᾳστώνης,
646 2030 867 2124 ἀργυρολογῶν
890 2038 925 2101 δὲ
945 2036 1134 2121 περιενόστει
1157 2033 1213 2112 τάς
1231 2036 1337 2111 πόλεις

252 2132 311 2212 τάς
328 2134 384 2199 ὑπ’
401 2128 487 2223 αὐτῷ
503 2138 701 2220 τεταγμένας.
738 2138 841 2201 ε’κεῖνα
866 2134 905 2221 δὴ
931 2127 1024 2199 σάνά
1046 2133 1195 2218 βασιλεύς
1215 2156 1337 2216 μεμιαγ-

223 2236 362 2317 Βμὲνος,
383 2233 492 2320 ἐπειδὴ
513 2233 569 2299 καί
586 2238 688 2301 ταῦτα
703 2237 874 2316 ἐπέπαστο,
895 2234 1011 2299 αὐτίκα
1030 2232 1184 2299 ἐπείθετο·
1205 2230 1380 2299 astrol-so

252 2358 311 2400 νυν
331 2331 521 2421 παραλύσας
540 2333 596 2399 τάν
614 2338 741 2400 Βέσσαν
763 2337 819 2420 τῆς
840 2329 959 2420 ἀρχῆς,
996 2334 1051 2399 καὶ
1070 2331 1148 2419 πρός
1166 2356 1200 2415 γε
1219 2329 1335 2417 opsti-

156 2457 161 2467 ·
252 2456 345 2515 μενος
356 2430 454 2498 αδτὸν
465 2430 503 2497 τά
512 2434 621 2516 οἰκεῖα,
640 2436 673 2512 ἐς
683 2431 859 2518 Ἀβασγοάς
871 2434 1055 2517 ἐξέπεμψεν,
1070 2436 1167 2497 ἐκεῖσε
1180 2433 1336 2512 μενοῦντα

253 2592 256 2599 ,
322 2536 346 2589 d
365 2532 462 2615 ἄλλοιςι
469 2532 526 2602 γάρ
544 2548 575 2587 τε
592 2538 622 2588 R.
711 2532 798 2588 suisa
816 2534 1004 2619 ἐπετέτραπτο
1024 2536 1063 2599 tt,
1081 2534 1203 2607 ἐπετετρ.
1223 2550 1247 2585 τ.
1265 2533 1334 2603 vulg.

327 2622 367 2659 so.
384 2620 484 2661 κοινοτ
500 2607 546 2671 R„
566 2606 615 2658 scd
634 2605 664 2657 in
681 2621 732 2675 mg.
751 2622 897 2663 κοινωνος.

255 2708 367 2779 quidem
381 2709 528 2778 praecipue
544 2710 652 2761 Bessum
669 2709 825 2773 incusabat,
854 2718 917 2779 post
939 2708 1013 2761 huuc
1027 2708 1174 2761 Martinam
1196 2713 1224 2757 ct
1244 2704 1336 2756 Rusti-

256 2796 325 2830 cum.
360 2780 424 2831 Erat
436 2795 499 2831 vero
515 2782 640 2834 Rusticus
654 2797 752 2851 genere
765 2780 970 2851 Graecogallus,
988 2781 1084 2850 ibique
1099 2796 1154 2830 uon
1168 2774 1337 2898 praefectum

254 2856 303 2901 unt
321 2848 462 2901 tribunum
483 2850 592 2919 agebat,
615 2865 707 2921 neque
733 2851 790 2903 ullo
812 2852 923 2903 militari
945 2866 1058 2902 munere
1085 2850 1165 2919 iunge
1190 2855 1262 2908 atur,
1290 2845 1340 2897 scd

254 2928 360 2972 tuntum
374 2923 507 2989 pecuniae
519 2922 608 2991 regiae
625 2929 752 2990 quaestor
770 2929 842 2985 erat,
860 2938 915 2973 non
932 2920 1042 2990 quidem
1058 2921 1126 2981 eius,
1142 2932 1211 2988 quae
1225 2916 1338 2967 etribu-

254 2990 292 3042 tia
305 2990 481 3060 vectigalibus
495 2992 648 3061 cogebatur,
662 2992 755 3047 (alteri
776 2994 848 3043 enirn
862 2992 978 3061 cuipiam
991 2990 1039 3041 iila
1051 2988 1191 3040 commissu
1202 2985 1281 3057 crat)
1291 2986 1339 3039 sed

256 3062 327 3124 cius,
336 3077 407 3131 quae
425 3078 442 3113 e
455 3060 589 3114 thesauris
603 3062 685 3131 regiis
698 3062 875 3124 mittebatur,
893 3068 924 3111 ut
935 3062 965 3123 ii,
979 3074 1093 3182 puorum
1113 3061 1143 3111 iu
1158 3058 1271 3129 proeliis
1283 3058 1339 3108 vir-

256 3138 302 3183 tus
318 3140 348 3183 et
365 3130 498 3185 fortitudo
520 3131 683 3196 emicuisset,
705 3134 810 3185 meritis
831 3132 957 3203 praemiis
1001 3139 1156 3183 onerentur.
1207 3126 1339 3199 Quocireu

257 3202 372 3254 minime
383 3202 514 3255 obscurus
537 3211 596 3255 erat
611 3200 657 3254 bic
673 3204 729 3267 vir,
748 3203 795 3255 sed
815 3204 888 3255 inter
904 3216 951 3252 eos
973 3218 1088 3271 quorum
1112 3198 1255 3251 auctoritas
1274 3196 1338 3265 plu-

259 3273 359 3324 rimum
374 3272 486 3335 valeret,
503 3272 626 3339 babitus,
645 3272 713 3327 adeo
730 3281 762 3324 ut
777 3274 860 3324 etiam
875 3288 972 3323 areana
988 3272 1104 3323 maxime
1122 3272 1148 3323 ei
1159 3267 1340 3321 communica-

259 3353 371 3406 rentur,
387 3343 597 3414 principumque
618 3342 743 3395 mandata
764 3349 821 3393 tum
839 3344 946 3395 demum
965 3342 1039 3393 firma
1064 3340 1242 3407 fideliumque
1261 3336 1339 3389 vide-

257 3421 365 3476 rentur,
391 3429 452 3464 cum
471 3412 536 3464 huic
571 3412 726 3467 tacuissent.
771 3412 938 3465 lustininnus
960 3427 1024 3464 vero
1050 3413 1130 3462 etium
1151 3418 1229 3460 autea
1245 3408 1339 3460 ansae

258 3492 317 3536 erat
333 3482 469 3549 infensus3
488 3430 569 3553 quod
579 3485 674 3535 Petrae
688 3484 893 3553 propugnaculo
906 3491 1005 3552 cepto,
1031 3490 1093 3533 ante
1115 3480 1274 3531 Mermerois
1289 3478 1338 3529 ud-

255 3562 386 3615 reutum,
419 3568 480 3604 eum
506 3554 672 3623 oportuisset
701 3570 764 3606 eum
792 3570 885 3605 omnes
907 3570 940 3605 ex
967 3552 1056 3604 Iberia
1081 3551 1170 3603 aditus
1191 3549 1337 3601 fortissime

257 3623 419 3684 obstruere,
439 3626 548 3676 iuvante
562 3626 651 3695 ipsum
669 3630 766 3676 nature
788 3623 923 3687 iocorum,
945 3623 1102 3692 officereque
1119 3631 1150 3674 ut
1168 3638 1199 3672 ea
1216 3628 1338 3689 exparte

256 3692 367 3745 Lazieos
389 3702 495 3746 montes
519 3695 643 3748 barbaria
672 3695 875 3747 inaccessibiles
898 3692 1041 3747 redderet:
1073 3694 1132 3762 ipse
1151 3708 1214 3745 voro
1234 3690 1263 3743 id
1278 3706 1338 3759 prae

255 3762 383 3815 vecordia
399 3765 569 3834 neglexerat,
587 3764 712 3827 urbibus,
739 3779 808 3835 quae
831 3766 885 3836 ipsi
909 3764 1028 3817 creditae
1044 3771 1129 3827 erunt,
1149 3760 1294 3823 obeundis,
1312 3768 1340 3811 et

256 3834 391 3903 pecuniae
409 3851 442 3886 ea
460 3834 494 3887 iis
513 3836 694 3907 corrogandae
711 3836 843 3891 intentus.
880 3836 931 3887 Ille
952 3837 1048 3905 ituque
1064 3835 1093 3899 in
1116 3836 1235 3884 animum
1264 3844 1338 3881 revo-

258 3918 322 3955 cnna
337 3905 501 3973 Imperator,
520 3924 581 3959 cum
605 3915 635 3958 et
657 3904 727 3958 baec
746 3905 781 3957 de
812 3924 844 3959 eo
862 3904 1047 3967 adferrentur,
1071 3905 1152 3957 facile
1171 3911 1212 3955 est
1231 3916 1340 3970 persua-

259 3988 311 4025 sus.
356 3973 492 4044 Quocirca
515 3978 659 4031 confestim
681 3978 790 4027 Bessum
814 3984 1020 4039 exuutornturn,
1051 3990 1081 4027 ae
1096 3982 1235 4043 praeterea
1260 3970 1339 4022 bonis

260 4044 316 4096 suis
335 4052 448 4098 exutum
467 4048 497 4097 in
515 4048 634 4101 Abascos
651 4046 796 4116 relegavit,
819 4046 879 4099 illic
900 4062 1055 4099 mansurum
1078 4045 1165 4097 donee
1182 4040 1258 4093 aliud
1275 4040 1340 4109 quid

260 4112 295 4168 dc
315 4132 349 4170 eo
364 4122 534 4174 susurrone
571 4117 690 4174 nutius
704 4132 779 4181 vero,
797 4116 969 4189 quantumvis
984 4117 1098 4186 graviter
1111 4113 1245 4175 intensus,
1262 4126 1339 4183 pruc-
