2900 4792
444 228 726 295 flls'rolstltlttill
755 230 808 292 lv.
826 230 858 299 8.
1094 202 1180 286 ἐνδ

87 380 196 467 τήνδε
210 384 269 469 τήν
283 383 378 465 δόξαν
393 380 448 451 καί
460 385 551 469 ἡμεῖς
566 378 698 473 άρίοτην
708 378 872 468 ἡγούμεθα
885 383 940 449 καί
954 376 1221 467 άληθεστάτην,λ.
1236 398 1267 453 c.
1277 398 1331 456 555

88 484 155 547 καῖ
176 482 246 547 star
262 484 318 568 τῆς
330 480 581 570 τοῦπράγματος
598 478 723 571 φάσεως
741 478 946 563 ἐστοχάσθαι.
969 480 1093 563 οὐκοῦν,
1107 472 1208 547 isa-l
1219 470 1238 523 ¹·
1250 488 1286 543 ²9
1360 484 1363 493 '

89 582 215 667 τέρους
238 578 340 659 οάτοος
363 576 513 670 άρέσκον,
536 586 613 669 φέρε
635 584 783 663 πολέμιον
798 574 1009 661 ἀποδείξωμεν
1028 576 1082 645 τὸν
1101 582 1133 645 Γ
1131 592 1213 643 oss-tt

89 678 205 766 βάζην
220 684 264 771 aqi
285 684 409 748 δοθέντι
420 680 582 768 χρώμενοι
602 679 765 769 τεκμηρίῳ.
792 672 908 743 τοάτου
931 676 991 765 γάρ
1008 673 1105 767 ταάτη
1128 674 1184 743 καί

64 778 137 865 5δῆ
160 782 385 864 δεικνυμένου,
412 780 467 847 καί
480 778 524 847 ’τὸ
542 780 670 857 δικαίως
686 774 786 843 αὐτὸν
803 772 982 868 ἀνῃρῆσθαι
1000 802 1182 864 συναναφα-

86 888 212 945 υεῖταε.
241 874 324 946 άπαν
338 882 400 964 μὲν
416 875 473 945 edu
488 874 541 945 άεί
552 882 716 966 βάρβαρον
731 882 842 967 φῦλον,
863 881 892 943 εἰ
912 878 968 946 καί
984 874 1137 963 κατήκοον
1157 868 1181 963 γ’

87 989 167 1055 τοῖς
196 977 391 1063 Ῥοιμαάιις,
422 978 503 1045 άλλά
525 981 571 1067 τῷ
585 982 640 1064 τῆς
662 977 787 1063 γνάμης
803 976 1036 1067 άλλοτριωτάτςο
1059 980 1183 1061 διεστη-

88 1079 152 1157 κὸς
176 1082 234 1145 καί
253 1082 292 1167 τῇ
318 1078 405 1157 τάξει
422 1077 485 1145 τῶν
503 1076 608 1161 νόμων
629 1074 817 1163 ἀχθόμενον,
835 1076 891 1145 ε’πί
909 1074 943 1143 τὸ
961 1072 1183 1163 νεωτεροποιάν

88 1179 153 1245 κατ’
175 1181 359 1265 ταραχῶδες
385 1181 543 1265 φέρεσθαι
573 1180 721 1265 πέφυκεν·
761 1180 817 1241 καί
842 1172 954 1264 ἣδιστα
978 1177 1039 1259 μὲν
1064 1170 1105 1243 άν
1128 1180 1181 1262 ἐφ’

51 1272 220 1345 ιοὲαυτοῦ
232 1280 326 1361 βιοῦν
351 1272 509 1363 διατελοίη
526 1280 684 1361 μηδαμῶς
703 1276 761 1365 ὑφ’
780 1273 899 1364 ἑτέροις
915 1272 1118 1359 ταττόμενον,
1138 1274 1183 1352 ὥς

87 1379 181 1463 μηδὲ
195 1378 259 1441 τῶν
278 1372 481 1461 ἀδικημάτων
499 1368 639 1451 εάθάνας
653 1376 793 1459 άπέχειν.
821 1376 853 1441 εἰ
874 1378 909 1445 δὲ
931 1377 1023 1441 τοῦτο
1044 1373 1090 1460 μὴ
1115 1370 1181 1441 οἶόν

90 1500 149 1559 τε,
174 1472 210 1540 τά
229 1478 306 1560 γοῦν
321 1473 360 1539 τά
378 1472 543 1558 άμοδιαιτα
559 1477 623 1540 ταῖν
640 1475 743 1539 ἐθνοῖν
761 1478 817 1541 καί
833 1477 954 1558 μᾶλλον
973 1481 1038 1550 τοῖς
1055 1474 1178 1549 οἰκείοις

87 1573 311 1661 πλησιάζοντα
335 1574 462 1661 τρόποις
489 1574 664 1659 ἐπάγεσθαι
695 1566 855 1661 προῦργου
889 1577 1065 1640 ποιοῦνται.
1098 1570 1180 1657 πλήν

89 1667 169 1739 ἄλλ’
184 1675 215 1739 εἰ
235 1670 291 1737 καί
305 1668 429 1750 τοάτοις
445 1667 585 1757 ἇτεχνάς
604 1668 621 1736 ὅ
638 1676 670 1739 Γ
668 1674 804 1759 ουβάζης
824 1670 943 1758 ὑπῆκτο
965 1682 1028 1749 τοῖς
1049 1672 1204 1755 addeque

53 1772 140 1861 εὸτῷ
160 1770 321 1859 βάρβαρός
339 1798 373 1837 τε
391 1774 588 1859 πεφυκέναι,
616 1770 671 1837 καί
683 1770 740 1857 την
755 1772 858 1858 κοινὴν
877 1777 933 1839 τοῦ
949 1776 1059 1857 γένους
1079 1782 1181 1837 νοσεῖν

91 1872 268 1955 ἀπιστίαν,
297 1872 363 1939 ὅδὲ
380 1871 435 1937 καί
451 1868 531 1961 πρὸς
547 1874 637 1938 τοῦτο
655 1871 766 1949 κακάκς
780 1868 896 1957 ε’χοάρει
910 1875 984 1937 καθ’
998 1870 1106 1955 ἡμῶν,
1135 1868 1180 1949 ὥς

87 1975 210 2057 μηκέτι
242 1970 465 2039 διαλανθάνειν
489 1969 617 2037 οἴεσθαι
637 1973 722 2053 δεῖν,
759 1970 936 2037 τούναντίον
958 1973 1018 2052 μὲν
1041 1962 1098 2036 οὖν
1126 1969 1183 2035 καί

91 2068 176 2156 πρὸς
191 2070 281 2157 ἔργον
295 2062 382 2155 άγειν
397 2070 576 2155 ἐπείγεσθαι
590 2066 913 2155 τηνπροσπεπηγυῖαν
926 2072 1003 2144 τίοος
1014 2069 1057 2158 τῷ
1068 2070 1111 2157 νῷ
1126 2070 1182 2133 καί

91 2170 377 2257 άποκρυπτομὲνην
408 2173 604 2251 δυσμένειαν.
645 2170 735 2256 ἡμῶν
764 2165 825 2257 γάρ
854 2171 1107 2251 διαπονουμένοον
1127 2166 1182 2231 καί

54 2266 201 2334 κοπάντα
218 2268 361 2336 κίνδυνον
378 2266 557 2351 μετιόντων,
576 2266 620 2344 ὥς
642 2264 682 2333 άν
701 2277 767 2343 τοῖς
783 2267 941 2350 πολεμίοις
957 2270 1056 2353 μηδὲν
1073 2262 1181 2331 derude

95 2368 163 2431 τῶν
181 2364 261 2432 κατά
284 2363 411 2453 γνάμην
434 2366 562 2453 ἐκβαίη,
595 2362 692 2445 αὐτάς
717 2364 796 2432 οἴκοι
814 2369 919 2449 μένειν
938 2355 1013 2456 ᾤετο
1033 2369 1098 2431 δεῖν
1120 2360 1181 2431 σάν

94 2474 164 2543 τοῖς
178 2464 371 2555 ὁμοφύλοις,
392 2465 447 2531 καί
461 2469 566 2557 πολλῷ
577 2470 633 2532 rod
649 2470 784 2551 μοχθεῖν
801 2458 985 2554 άφεοτάναι.
1014 2462 1093 2549 πλὴν
1111 2456 1180 2527 ἄλλ’

95 2564 243 2653 ἐπετήρει
263 2563 321 2630 σάν
342 2560 485 2656 άκριβείρ
508 2566 564 2632 καὶ
578 2560 806 2633 ἀνεπυνθάνετο
829 2560 887 2643 τάς
906 2568 970 2631 τοῖν
986 2558 1114 2649 dysteos
1131 2584 1181 2627 κι-

168 2702 194 2737 2·
212 2680 357 2753 ἔεαῐέρυεε
372 2684 401 2735 R.
475 2704 514 2741 ro.
533 2686 636 2741 ἑαυτοῦ
654 2688 694 2750 lt,
709 2684 799 2757 lausqi
816 2686 887 2757 vulg.
946 2704 985 2741 ιι.
1004 2686 1061 2741 ταῖν
1077 2684 1128 2737 ins.
1147 2696 1182 2735 ex

168 2756 199 2807 ll.
256 2754 294 2821 τά
312 2756 396 2807 τοῦτο
414 2756 445 2815 u.
494 2758 537 2813 οδ.
559 2756 773 2811 δνεπυνθάνετο
792 2759 840 2823 u,
864 2756 1042 2812 ἐπυνθάνετο
1061 2752 1131 2827 vulg.

96 2890 183 2958 ipsius
202 2894 327 2943 naturam
354 2888 474 2960 attingat
527 2890 594 2945 Cum
618 2890 711 2964 itaque
735 2894 858 2963 utrisque
881 2875 1003 2947 nos'trnm
1026 2887 1094 2945 hsce
1118 2908 1183 2945 sen·-

95 2962 183 3014 tentia
204 2960 354 3029 probetur,
390 2977 438 3031 age
462 2958 567 3015 hussen
594 2962 677 3015 luisse
705 2962 835 3015 Gubnzen
857 2960 910 3015 hoe
935 2965 994 3033 ipso
1024 2970 1181 3032 argumento

97 3040 206 3084 utentes
226 3030 448 3083 demonstremus.
494 3031 554 3085 Hoc
576 3036 649 3086 enim
668 3032 862 3097 demonstrato,
888 3031 969 3087 etiam
992 3033 1050 3083 inre
1075 3049 1181 3085 mesum

97 3118 155 3153 esse
172 3103 262 3171 ipsum
279 3120 333 3153 una
351 3102 522 3171 perspicuum
540 3104 594 3157 liet
639 3105 767 3156 Universa
792 3104 886 3174 itaque
909 3111 1042 3173 perpetuo
1067 3100 1182 3153 barbara

96 3174 190 3237 natio,
206 3174 311 3225 etiamsi
332 3173 456 3225 ilomsnis
470 3173 580 3226 subdita
598 3174 649 3239 sit,
676 3175 768 3226 aniano
788 3182 878 3227 tamen
902 3172 993 3224 abeis
1013 3172 1179 3224 alienissimo

96 3242 206 3306 dissita,
231 3254 259 3295 et
273 3244 363 3313 legum
384 3242 557 3313 disciplinam
575 3254 658 3317 atque
677 3243 800 3297 ordinem
821 3252 927 3314 gravate
945 3244 1050 3304 serens,
1070 3241 1106 3294 nd
1129 3258 1182 3293 no-

95 3328 140 3366 ras
159 3330 202 3365 res
221 3312 370 3366 moliendas
388 3314 538 3386 turbasque
555 3314 712 3368 excitandas
731 3316 796 3367 ferri
814 3316 969 3377 consuevit,
1002 3322 1030 3365 et
1052 3310 1182 3383 placidis·
1286 3316 1290 3331 ⁸

96 3385 163 3437 sisne
182 3383 293 3455 quidem
307 3384 379 3437 inter
397 3401 473 3447 sese,
502 3385 567 3437 dnrn
585 3386 646 3439 aliis
665 3388 772 3449 subest,
797 3387 888 3438 rivere
914 3384 1072 3456 neutiquam
1089 3398 1183 3451 perse·

97 3460 184 3517 vernt,
209 3456 277 3527 quin
296 3456 410 3524 aliquod
436 3457 538 3509 crimen
555 3456 685 3509 incurrat
730 3454 813 3527 Quod
831 3474 892 3509 cum
909 3456 975 3524 ipsis
995 3456 1031 3507 sit
1054 3452 1181 3523 impossi-

96 3522 167 3589 bile,
189 3526 316 3577 nationes
334 3524 457 3578 eiusdem
474 3544 564 3578 seeum
582 3528 719 3592 instituti,
752 3534 780 3579 et
804 3544 974 3598 quaequam
996 3526 1118 3595 proxime
1146 3522 1182 3575 sd

97 3611 188 3648 eorum
204 3612 292 3649 rnores
301 3595 439 3659 accedant,
458 3596 512 3651 sibi
529 3596 675 3667 adiungere
689 3598 808 3649 student
846 3596 926 3649 Porro
939 3594 1061 3649 Gubazes
1074 3594 1179 3647 etiamsi

96 3662 170 3719 hisce
181 3666 255 3718 vitiis
267 3676 338 3717 esset
355 3666 500 3729 obnoxius,
518 3668 592 3737 quod
605 3678 633 3719 et
650 3666 780 3719 barbarus
797 3673 871 3719 ortus
887 3668 923 3719 sit
934 3676 962 3719 et
978 3666 1113 3717 communi
1131 3680 1183 3717 na·

97 3736 179 3789 tionis
197 3736 362 3789 infidelitate
380 3736 503 3801 laborel3
522 3744 628 3789 tanturn
646 3736 725 3790 etiam
740 3736 797 3789 odii
811 3734 938 3789 adversus
950 3754 998 3789 nos
1012 3743 1183 3805 conceperat,

97 3816 128 3859 ut
142 3806 172 3859 id
186 3826 221 3862 ne
242 3826 359 3877 usquam
374 3806 479 3859 diutius
494 3807 639 3877 tegendum
656 3815 797 3869 censeret,
815 3806 863 3859 sed
879 3824 893 3859 e
910 3809 1043 3860 contrario
1058 3809 1087 3857 in
1103 3822 1183 3873 aper-

97 3882 153 3929 turn
165 3825 368 3947 producendam
389 3878 621 3951 exercendamque
645 3896 673 3930 re
693 3879 752 3947 ipsa
769 3876 959 3939 hostilitatem,
997 3894 1058 3927 uaru
1078 3874 1180 3927 tamdiu

97 3948 240 4017 impactam
258 3950 349 4000 animo
367 3965 416 3999 suo
433 3948 620 4020 latentemque
638 3950 761 4015 gesserat
782 3946 868 3999 Nobis
883 3950 956 4000 enim
967 3896 1183 3999 adlaborsnubns

98 4027 126 4071 et
141 4020 248 4071 nullum
266 4035 323 4070 non
340 4018 491 4086 perieulum
510 4018 701 4082 subeuntibus,
719 4035 755 4069 ne
774 4018 899 4071 hostibus
909 4020 1055 4088 quiequam
1071 4016 1182 4069 omnino

100 4102 131 4138 ex
151 4090 234 4143 animi
246 4088 382 4140 sententia
398 4088 573 4153 succederet,
589 4088 649 4159 ipse
666 4088 739 4140 dorni
757 4088 810 4141 sibi
825 4105 885 4139 curn
900 4088 1021 4140 barbaris
1040 4088 1095 4140 suis
1107 4084 1183 4137 desi·

101 4156 217 4213 dendurn
235 4158 382 4222 censebat,
406 4158 617 4231 longissimeque
630 4177 647 4212 a
658 4157 800 4213 laboribus
816 4158 923 4213 bellicis
938 4158 1041 4211 abesse.
1078 4154 1182 4207 Obser-
