2900 4792
259 186 341 289 ²24
693 192 904 279 eulmina:
966 196 968 199 ’

124 371 377 456 λᾶᾶδὸνήοεις,
413 372 446 448 ἐς
468 363 542 457 άπερ
569 362 609 434 ds
632 368 688 434 sol
701 367 892 457 χωρήσαιεν.
921 368 1034 451 εἰμὲν
1060 360 1116 435 σόν
1137 369 1283 452 μέγιστόν
1312 392 1356 432 τι

159 461 205 515 u
217 469 342 536 ²9sroeoi
358 470 434 547 τούς
447 474 601 553 πολέμους
624 478 691 546 τοῖς
717 466 891 553 Ῥωμαιοις
914 468 1080 556 διήνυστο,
1108 466 1164 533 καί
1181 469 1237 533 τού
1252 468 1356 557 νικᾷν

230 566 438 656 Βένεργόντε
457 568 513 634 καί
528 566 742 654 ἀληθεστάτην
761 562 876 656 ἤραντο
897 566 1009 652 δόξαν,
1039 566 1109 635 δδδ
1130 564 1166 632 τό
1189 570 1356 650 δυσμενὲς

255 671 313 755 τῆς
337 670 448 754 ψυχῆς
474 668 529 733 καί
553 671 722 752 βασκαϊνυν
756 666 954 751 ἐπιδεικνύς,
991 670 1207 759 διακωμηιδεῖν
1242 661 1356 742 elude

258 769 427 855 ἐπειρᾶτο,
448 766 504 834 καί
516 764 657 833 διαλύειν
675 766 733 852 την
751 770 786 832 ἐκ
801 771 864 834 τάν
880 766 979 856 ἔργων
1000 767 1173 854 σεμνότητα
1183 819 1193 849 ,
1215 763 1379 853 φαύληνό

258 874 318 953 μὲν
341 868 398 954 τὴν
415 871 610 957 ἐγχείρησιν,
639 864 836 957 φαυλότατον
854 871 888 934 δὲ
909 868 945 933 τό
971 868 1069 958 πέρας
1086 864 1268 949 άπυκαλιόν,
1289 863 1358 931 καὶ

258 963 444 1036 οὐδὲτοῦτο
465 969 634 1056 ἡμέτερον,
664 962 746 1034 άλλά
767 971 823 1034 τού
844 962 1009 1054 ἆλογίοτου
1034 972 1089 1055 τῆς
1114 968 1219 1053 τύχης.
1260 968 1290 1031 εἰ
1310 964 1355 1031 δέ

261 1092 323 1134 που
341 1067 437 1153 τυχόν
449 1070 505 1133 καί
520 1066 723 1157 σφαλιίημεν,
743 1071 823 1156 (πῶς
838 1072 873 1135 δὲ
896 1063 963 1136 οίόν
976 1092 1009 1133 τε
1024 1066 1059 1133 τό
1082 1063 1278 1155 άνδριάπειον
1295 1062 1351 1150 μη

262 1164 341 1255 origi
364 1167 421 1235 καί
442 1166 522 1257 πρός
545 1162 694 1234 τάναντία
720 1171 946 1253 μεταβάλλειν,
980 1162 1047 1232 ἄλλ’
1073 1166 1128 1233 ἐπί
1152 1170 1215 1233 τῶν
1238 1160 1354 1230 adenis»

259 1264 313 1333 άεί
324 1270 489 1355 βεβηκέναι
496 1270 522 1356 ,·)
551 1264 569 1333 ά
590 1270 626 1333 δὲ
646 1267 788 1355 καθάπερ
812 1293 859 1346 τις
878 1267 1056 1351 αὐτόματος
1070 1269 1132 1332 τῶν
1153 1265 1399 1351 γιγνομὲνωνιο

260 1368 385 1457 κριτὴς,
406 1366 465 1453 τὴν
484 1370 544 1451 μὲν
555 1364 660 1453 ’τύχην
682 1363 784 1448 εύδύς
799 1362 890 1456 άφίει
905 1369 968 1433 τιόν
987 1364 1187 1453 ἐγκλημάτων
1204 1360 1353 1445 (iredde-

173 1488 335 1552 p,11wov,
362 1468 406 1545 οἷς
428 1463 464 1532 ού
484 1465 578 1551 μετόν
600 1468 685 1555 αὐτῇ
699 1472 758 1534 τού
779 1467 966 1553 συμβάντος·
997 1462 1038 1553 ἢν
1058 1469 1094 1531 δὲ
1111 1465 1234 1541 πάντας
1255 1450 1351 1551 αύτῷ

260 1567 512 1655 προεσκεμμίνον
530 1565 584 1631 καί
601 1570 764 1655 ἐγκριθὲν,
792 1569 892 1654 μηδὲν
917 1558 993 1633 dito
1016 1570 1118 1632 δυκεῖν
1140 1562 1240 1629 αἴτιον
1261 1556 1353 1627 εἶναι

259 1669 318 1733 τοῦ
337 1665 452 1743 ἐνδούς
482 1664 559 1751 ἧμῖν
581 1692 613 1732 τι
638 1671 823 1755 πεπρᾶχθαι
831 1720 841 1751 ,
868 1662 1000 1753 ἢμόνον
1022 1661 1192 1753 ἀνανδρίαν
1219 1660 1352 1747 γνώμης

261 1764 316 1830 καί
336 1766 646 1851 γειρῶνάοθενειλιν
672 1766 729 1832 καί
755 1763 981 1851 βουλευμάτων
1012 1760 1209 1853 άβελτηρίαν.
1231 1758 1266 1826 τό
1282 1756 1395 1843 γάρι5

260 1863 456 1947 παλίμβολον
472 1866 529 1950 τῆς
545 1864 645 1952 τύχης
659 1868 714 1933 καί
730 1858 861 1934 άτακτον
876 1868 931 1933 καί
948 1862 1121 1951 άλόγιστον,
1140 1860 1197 1927 καί
1209 1852 1254 1938 οἷς
1271 1860 1352 1922 ’²⁰9'

260 1965 353 2050 ἡμῶν
372 1963 473 2050 αύτῆν
491 1966 727 2054 διελοιδορεῖτο,
747 1962 895 2053 υύδαμαῖς
912 1970 1005 2052 ἐπῆγε
1023 1972 1090 2043 τοῖς
1106 1960 1282 2045 πολεμίοις,
1304 1950 1353 2035 αἷς

261 2066 298 2129 ἐκ
313 2062 435 2130 τούτων
451 2066 553 2151 ἡμᾶς,
575 2064 659 2134 οὕτω
686 2067 869 2157 παρασχόν,
888 2065 1180 2155 ύπερβαλλυμένυις.

342 2161 386 2229 θ’·
426 2164 522 2249 ,,Καί
546 2166 652 2233 τοίνυν
668 2163 784 2252 α’νεβόα
806 2170 908 2233 ταῦτα
926 2168 1123 2254 περιφανῶς,
1155 2166 1209 2229 καί
1226 2162 1349 2245 γνῶναι

262 2270 412 2351 παρεῖχεν
425 2260 465 2329 ού
485 2261 584 2348 μόνον
600 2276 666 2344 τοῖς
685 2266 898 2355 στρατεύμασι
913 2270 977 2333 τῶν
997 2266 1153 2353 Περσῶν,
1174 2256 1221 2338 οἷς
1236 2260 1274 2347 δη
1291 2256 1390 2324 stoico

263 2364 381 2427 ἕκαστα
415 2366 582 2433 διεπονεῖτο
611 2370 667 2432 καί
694 2364 868 2454 ἔπρασσεν,
897 2361 973 2433 ’ἄλλ’
997 2360 1097 2441 εύθύς
1122 2356 1349 2449 ἀγγελιαφόροι

263 2462 427 2539 σταλέντες
460 2462 538 2551 πρός
570 2460 671 2531 αύτού
700 2463 898 2553 διεκήρυττον
923 2466 968 2543 εἷς
995 2462 1152 2553 Ἰβηρίαν,
1182 2462 1225 2538 εἷς
1250 2460 1350 2525 Ἀλα-

334 2602 359 2655 3·
377 2593 463 2668 ἤρατο
481 2599 510 2649 ll.
593 2617 631 2653 so.
649 2599 798 2669 βεβηκόσιν
816 2604 843 2653 ll.
919 2603 957 2655 13.
976 2596 1209 2671 προεσκεμμένον
1229 2594 1270 2658 λλ,
1288 2608 1348 2644 ιτα-

335 2669 530 2741 ρῑσκέμμένθν
546 2670 618 2741 vulg·
682 2689 720 2742 ¹7·
742 2668 834 2739 αὐτὴν
854 2672 898 2737 tt,
916 2670 1012 2723 adesir
1028 2670 1098 2741 vulg.

187 2842 195 2863 ,
263 2798 452 2851 vabattamen
470 2807 592 2851 accurate
608 2801 777 2871 proeliorum
793 2810 897 2867 motus,
915 2818 969 2873 quo
985 2798 1137 2853 tenderent
1160 2800 1189 2853 Si
1206 2792 1273 2879 quid
1292 2792 1349 2861 igi·

264 2875 319 2920 tur
328 2870 466 2938 praeclare
491 2871 650 2923 allemania
673 2880 745 2925 esset
767 2880 886 2944 gestum,
916 2880 944 2925 et
966 2879 1102 2923 strenuam
1124 2870 1349 2934 verissimamque

263 2938 393 2991 victoriae
410 2938 518 2993 laudem
536 2950 733 3012 reportassent,
756 2946 815 3027 ipse
835 2942 963 2996 hostilem
986 2958 1063 2993 rursm
1087 2939 1263 3006 luridumque
1282 2934 1349 2985 ani-

264 3020 338 3063 mum
349 3009 488 3063 declarans
502 3050 509 3077 ,
527 3012 688 3065 mordaciter
701 3030 834 3067 cormeum
847 3016 876 3067 in
890 3029 991 3067 morem
1007 3006 1119 3061 irridere
1141 3018 1169 3061 et
1184 3019 1273 3058 rerum
1300 3021 1350 3073 ge·

265 3089 372 3133 starum·
384 3082 555 3152 splendorem
573 3100 604 3135 ae
616 3084 776 3154 dignitatem
792 3088 922 3138 olloscarc
946 3080 1099 3143 nitebatur,
1121 3078 1231 3133 ridiculi
1255 3074 1350 3143 coepti

264 3152 412 3205 ridiculum
437 3162 564 3206 eventum
590 3155 747 3224 appellans,
816 3158 824 3206 l
845 3172 879 3207 ue
903 3168 958 3205 non
976 3153 1095 3221 ipsorum
1110 3142 1349 3209 fortitudini,sesl
1444 3178 1446 3194 .

263 3223 396 3277 fortunae
411 3226 561 3277 temeritati
577 3224 730 3278 deberetur.
767 3172 860 3279 Sicubi
879 3238 943 3277 vero
965 3222 1086 3275 fortassis
1103 3224 1172 3293 lapsi
1193 3219 1349 3277 fuissemus,

267 3296 331 3364 (qui
350 3297 423 3347 enim
437 3295 496 3347 fieri
507 3298 604 3363 possit,
616 3305 648 3350 ut
660 3314 702 3351 res
720 3295 851 3349 humanae
862 3312 918 3348 non
931 3295 959 3346 in
978 3294 1142 3349 eontrarium
1157 3298 1276 3360 vergant,
1299 3282 1351 3339 sed

265 3367 443 3435 perpetuom
454 3382 509 3417 ano
519 3364 670 3439 eodemque
683 3374 754 3420 statu
771 3365 986 3437 permaneantl)
1003 3372 1061 3417 tum
1077 3364 1130 3419 iste
1152 3370 1280 3432 tanquam
1302 3356 1348 3407 ul-

265 3443 378 3488 troneos
394 3436 504 3505 qnidam
518 3439 665 3490 eventuum
691 3437 788 3501 iudex,
814 3440 948 3490 fortunam
989 3436 1080 3489 uidem
1099 3437 1209 3498 statim,
1233 3426 1348 3501 perinde

268 3517 300 3557 ae
317 3508 340 3557 si
353 3514 464 3557 eventus
479 3522 567 3558 rerum
584 3507 620 3560 ab
637 3525 669 3560 ea
686 3526 742 3561 non
756 3504 925 3577 penderent,
946 3451 1025 3577 esdpa
1041 3508 1115 3558 omni
1130 3502 1281 3557 liberabam·
1295 3495 1348 3547 hoc

267 3583 331 3627 ver'o
349 3576 432 3625 lirum
450 3576 476 3627 ei
495 3577 688 3651 decretumque
704 3580 848 3643 manebat,
878 3578 980 3631 nullam
998 3577 1078 3628 allam
1096 3594 1154 3629 esse
1181 3588 1286 3626 causam
1308 3564 1349 3619 rei

266 3660 363 3715 parum
381 3644 453 3697 bene
469 3663 484 3698 a
502 3647 584 3700 nobis
601 3660 706 3719 gestae,
723 3659 831 3720 praeter
848 3650 933 3702 solam
949 3647 1033 3701 'animi
1043 3648 1205 3708 mollitiem,
1223 3652 1349 3721 manuum
1445 3694 1446 3697 ,

263 3714 490 3773 ιἰιιιλιοεὶλλῑιιῑεαι
513 3728 542 3771 et
567 3721 745 3772 consiliorum
762 3722 947 3774 stoliditatem.
986 3718 1122 3771 Fortunae
1141 3718 1215 3769 enim
1228 3708 1349 3766 mortabi-

267 3784 391 3849 litatem,
412 3788 622 3843 inconstantiam
648 3798 677 3844 et
695 3793 877 3845 temeritatem
895 3798 923 3842 et
934 3790 1006 3853 alia,
1024 3806 1094 3861 quae
1111 3788 1191 3841 nobis
1212 3792 1350 3837 contume-
1445 3822 1446 3825 ,

266 3854 336 3907 lione
352 3856 521 3923 ολιίλιίοὺαι,ι
534 3860 660 3914 hostibus
675 3878 848 3935 nequaquam
864 3859 1052 3925 adscribebat,
1076 3868 1204 3930 tanquam
1222 3855 1296 3907 bisce
1313 3848 1349 3901 de
1445 3896 1446 3935 p

267 3928 367 3991 musis,
384 3931 525 3983 occasione
540 3932 579 3983 lta
597 3930 704 3998 oblata,
735 3951 784 3986 nos
802 3941 980 4005 superassent.
1143 3980 1146 3986 .
1445 3942 1446 3949 ’

295 4022 298 4027 ·
333 4005 359 4068 ’φ
396 4000 485 4059 „llaec
503 4002 595 4073 itaque
610 4002 659 4054 ille
673 4004 868 4075 proclamabat,
888 4012 916 4057 et
932 4000 1101 4074 significabat
1113 4016 1169 4051 non
1184 3993 1271 4047 solum
1286 3990 1348 4045 Per·

268 4072 563 4136 aarum'exereitibus,
587 4072 687 4145 quibus
707 4076 817 4146 quidem
836 4074 884 4129 ille
909 4075 990 4127 etiam
1008 4072 1112 4157 sinpula
1138 4075 1165 4120 et
1191 4060 1349 4117 elaborabat
1445 4092 1446 4143 ρ

269 4144 297 4189 et
320 4138 495 4213 perficiebat,
519 4142 567 4196 sed
593 4146 686 4197 nuntii
710 4148 803 4199 statim
823 4144 874 4199 ab·
893 4146 952 4218 ipso
975 4144 1066 4197 emissi
1083 4140 1112 4193 id
1129 4128 1349 4208 perurebantur
1445 4144 1446 4187 l
