2900 4792
135 328 142 337 .
256 254 339 369 274
578 302 586 323 ι
688 264 900 339 nonturno

114 461 143 516 ς,
162 461 190 515 c,
201 462 253 517 556
260 434 484 520 γινώσκεσθαι,
503 428 610 496 διιοΐοί
620 450 653 493 τε
668 426 811 511 γεγόνασι
831 424 888 490 καί
902 421 1033 501 ότιόσοι,
1059 444 1112 485 και
1135 414 1221 498 διιως
1247 419 1267 504 ἡ
1285 419 1343 484 τοῦ

161 534 210 587 Η·
221 536 370 621 oyem
387 528 493 607 αότοΐς
508 530 727 594 dnouement
745 524 842 605 τόξις.
869 519 977 609 λαβών
992 515 1051 587 σόν
1071 516 1229 607 όΣίργιος
1247 519 1288 584 τό
1307 542 1346 583 τε
1441 523 1447 568 ¹

259 628 400 715 ὀνόματα
422 627 478 693 καί
502 626 578 704 rode
605 622 755 713 χρόνους,
785 626 842 689 καί
855 626 920 689 τών
937 623 987 686 ἔτί
1007 620 1116 695 αὐτοῖς
1129 620 1346 704 γεγενημένων

257 728 295 798 τό
310 726 522 813 καιριώτατα,
539 728 595 789 καί
607 719 791 807 μεταβαλών
807 720 965 804 εόκόσμως
985 720 1032 795 εἷς
1047 716 1106 804 τὴν
1120 714 1255 782 Ἐλλάδα
1272 740 1346 802 φω-

258 826 324 914 νὴν,
345 820 400 915 (ἦν
414 824 473 911 γὰρ
496 822 533 908 δη
555 820 715 909 ἑρμηνέων
728 814 856 908 ἄριστος
872 818 1027 900 ἁπάντων,
1048 814 1104 881 καί
1125 810 1190 891 οἷος
1205 814 1263 879 ὁπ’
1280 814 1366 881 usi-5
1436 895 1440 901 ι

259 930 317 993 τοῦ
337 926 483 1011 Χοσρόου
500 920 742 1005 θαυμάζεσθαι,
771 920 815 996 ώς
832 914 1010 1005 ἐνόκατόρρ
1037 912 1179 1003 πολιτείρ
1193 911 1235 979 τό
1258 936 1349 998 τιρω-

259 1032 326 1092 τεῖα
347 1030 386 1088 λα
387 1020 455 1107 γαόν
468 1025 522 1109 τῆς
537 1018 736 1107 ἐπιστήμης)
758 1018 882 1094 εἰκότως
897 1012 956 1083 οὖν
969 1014 1196 1102 ἀκριβεστάτην
1211 1010 1348 1097 ποιησό-
1445 1035 1449 1046 ·

260 1146 355 1205 μενος
371 1123 429 1206 τὴν
445 1121 656 1207 μετάφρασιν,
679 1116 852 1199 αἰτιεκόμισέ
866 1118 902 1183 τί
919 1138 975 1198 μοι
996 1112 1118 1179 ἅπαντα
1132 1114 1221 1195 μάλα
1229 1112 1348 1185 αιστώς

261 1220 316 1287 καί
331 1222 454 1308 φιλίαις,
472 1217 528 1283 καί
540 1210 720 1305 προῦτρεψε
740 1216 881 1281 διανόειν
899 1212 958 1298 τὴν
974 1214 1090 1293 αἰτίαν,
1104 1201 1243 1297 ἐφ’ᾖττερ
1260 1208 1346 1275 aori

119 1396 121 1399 ¹
233 1319 318 1396 exui
333 1322 517 1405 παρείληφε.
546 1317 600 1381 καί
616 1316 722 1381 τοίνυν
751 1314 924 1399 διήνυσται,
944 1308 1027 1377 dore
1043 1314 1074 1378 εἰ
1100 1313 1156 1375 καί
1171 1309 1387 1396 Προκοτιίιριο

259 1424 302 1511 τῷ
325 1418 432 1509 ῥήτορι
449 1416 518 1483 ἔνια
535 1420 599 1480 τών
621 1414 675 1481 εἰιί
693 1412 832 1502 Καβόδη
857 1414 1084 1500 ἅφηγηθέντων
1110 1405 1224 1495 ἑτέρως
1245 1406 1348 1492 όιιὴγ-

259 1526 364 1603 γελται
373 1568 383 1598 ,
405 1510 475 1581 ἀλλ’
487 1515 563 1600 ἡμῖν
578 1508 809 1598 ἀκολουθητέον
831 1521 897 1587 τοϊς
912 1518 1083 1595 Περσικοῖς
1098 1505 1347 1595 χρονογρόφοις,

261 1616 316 1679 καί
340 1617 405 1680 τών
426 1614 460 1678 ἐν
489 1614 596 1688 adroic
626 1615 808 1697 preponentes
825 1609 870 1685 ώς
891 1609 1114 1694 ἀληθεστέραν
1131 1600 1349 1691 ἀντιληπτέον.

259 1710 410 1779 τοσούτου
443 1708 482 1797 δίη
509 1702 567 1776 οὖν
591 1708 667 1794 ἡμῖν
690 1713 749 1775 τοῦ
769 1708 867 1773 πόνου
889 1708 1065 1772 τελεώτατα
1093 1707 1347 1790 ἐξειργασμένου,

261 1812 339 1899 φέρε
357 1806 435 1892 πρός
455 1804 555 1895 αὐτὴν
575 1802 670 1887 αὖθις
686 1806 862 1890 ἕτανίωμεν
873 1804 932 1893 τὴν
947 1808 1003 1892 τῆς
1019 1804 1158 1891 ἱστορίαις
1172 1805 1389 1886 §erigeronti

260 1907 301 1995 ἢν
318 1912 352 1973 ἐκ
367 1912 430 1975 τών
445 1904 533 1995 cippi
547 1907 604 1993 την
623 1905 770 1992 Λαζικὴν
784 1908 992 1992 γεγενημένων
1012 1904 1219 1985 διατεμόντες,
1239 1902 1274 1977 ἐς
1291 1901 1350 1965 τιό.

262 2012 298 2074 δε
318 2004 494 2095 ἀφίγμεθα.
513 2002 596 2071 odeo>
613 2008 673 2089 μὲν
693 2005 732 2091 δη
754 1998 813 2069 σόν
833 2004 851 2069 ό
871 2001 1068 2089 Ναχοραγόν
1093 2001 1147 2068 διό
1167 1998 1204 2065 τό
1222 1995 1349 2083 αἶγεννὲς

262 2110 320 2173 τοῦ
343 2104 471 2193 τρόπου,
488 2104 543 2170 καί
556 2104 592 2170 τό
615 2107 798 2190 νενικῆσθαι
820 2098 880 2168 αἰνόι
901 2102 1013 2191 κρότος
1033 2100 1097 2167 sind
1118 2098 1288 2186 Μαρτίνου
1313 2120 1349 2162 τε

266 2204 320 2270 καί
335 2208 399 2271 τών
408 2206 599 2288 Ῥωμαϊκῶν
614 2203 868 2291 στρατευμάτων,
878 2206 934 2269 καί
941 2199 998 2287 τὴν
1011 2204 1044 2278 ἐς
1057 2198 1198 2286 Ἰβηρίαν
1208 2193 1349 2282 αἰσχρόν

263 2297 483 2391 ἀναχώρησιν,
534 2298 679 2388 ώμότατα
713 2300 874 2390 διεφθάρη
897 2306 970 2367 καθ’
998 2296 1034 2367 ὃν
1047 2292 1108 2386 ἤδη
1125 2320 1183 2381 μοι
1201 2293 1391 2383 πρότεροναο

334 2470 358 2539 4.
377 2467 550 2541 καιριώτατα
565 2470 605 2534 lt,
617 2470 789 2537 καιριώτερα
806 2470 876 2541 vulg.
952 2488 977 2541 ρ
994 2470 1099 2540 φιλίαι
1113 2469 1153 2530 lt,
1172 2466 1263 2537 ettae
1276 2465 1349 2535 vulg.

337 2538 640 2611 rr.d‹pqy›1=itrrnrrfl.‚
651 2538 925 2611 δφηγημένωνιιιλη.
964 2560 1003 2593 ra.
1012 2536 1222 2611 χειραγρώφοις
1230 2536 1295 2606 (sic)
1309 2538 1351 2598 st,

334 2612 418 2681 Intpr.
432 2612 545 2681 scripto.
618 2612 657 2678 ri.
673 2610 812 2663 τοσούτου
830 2613 859 2663 a.
877 2620 905 2662 et
918 2612 1001 2679 Intpr.
1019 2624 1126 2664 tantum
1143 2606 1265 2667 laboris,
1281 2604 1350 2657 roai-

333 2696 384 2731 του
402 2682 472 2749 vulg.
558 2679 767 2751 ἐξειργασμένου
789 2682 838 2744 n„
856 2680 947 2750 ἐξεργ.
964 2679 1025 2732 edd.
1113 2680 1152 2733 ιθ.
1169 2676 1351 2748 διατεμόντες

228 2752 232 2763 ’
336 2752 367 2801 Β.
390 2760 419 2804 et
444 2752 527 2817 lntpr.
553 2768 635 2820 quam
656 2780 691 2791 -
729 2764 887 2822 occoeptam
921 2749 1127 2814 ιἰιειτείιίίιιιιιι,
1152 2747 1350 2805 διατελοῦντες

333 2819 404 2889 vulg.
475 2836 517 2873 ao.
543 2820 685 2893 πρότερον
713 2823 766 2893 etp.
788 2837 833 2891 τρ.
853 2822 895 2886 λλ,
919 2820 1002 2895 τρδτι.
1019 2822 1072 2893 cip.
1090 2837 1139 2895 πρ.
1161 2819 1233 2890 vulg.

265 3003 393 3058 Romanis
414 3006 606 3069 innotesceret,
625 3004 718 3077 quales
741 3013 769 3057 et
794 3014 863 3077 quot
880 3003 999 3067 suerint,
1017 3010 1046 3057 et
1065 3021 1118 3089 qne
1136 3010 1215 3075 pacto
1242 3005 1349 3075 generis

266 3077 349 3127 series
367 3076 433 3145 ipsis
455 3078 491 3127 sit
514 3086 678 3129 conservata.
716 3076 827 3146 Sergius
844 3077 947 3146 itaque,
976 3084 1094 3145 acceptas
1117 3093 1210 3128 eorum
1227 3076 1350 3127 nomini-

265 3145 317 3199 bus
352 3154 381 3197 et
401 3146 568 3213 temporibus
604 3154 632 3197 ct
655 3148 811 3215 praecipuis
837 3145 1087 3216 insignioribusquc
1116 3147 1236 3216 ipsorum
1266 3146 1349 3198 rebus

267 3218 372 3287 gestis,
393 3216 481 3287 iisque
501 3218 569 3268 scite
590 3216 619 3267 in
640 3217 760 3285 linguam
783 3216 913 3269 Graecam
935 3218 1080 3280 conversis,
1098 3222 1179 3278 (erat
1200 3217 1274 3268 enirn
1303 3218 1349 3268 in-

267 3295 419 3357 terpretum
437 3288 558 3337 omnium
578 3288 712 3355 optimus,
735 3302 871 3357 quemque
889 3283 1025 3339 chosroes
1046 3287 1105 3354 ipse
1123 3286 1303 3338 admirabatur
1318 3296 1351 3340 ut

267 3358 296 3409 in
314 3366 432 3427 utraque
456 3370 485 3406 re
503 3354 614 3423 publica
635 3357 803 3409 eruditorum
817 3360 997 3427 interpretum
1013 3356 1185 3427 principem)
1204 3356 1350 3428 perfectis·

266 3428 409 3499 simque,
424 3426 465 3477 uti
485 3426 630 3478 verisimile
649 3435 703 3490 cst,
724 3428 950 3495 interpretatione
970 3444 986 3477 a
1004 3443 1033 3478 se
1056 3428 1188 3490 confecta,
1206 3426 1299 3478 adme
1318 3446 1351 3480 o-

267 3498 341 3548 mnia
366 3496 483 3547 fideliter
504 3498 587 3549 amice
609 3514 643 3548 ue
660 3496 761 3550 detulit
777 3496 954 3567 hortaturque
967 3504 1024 3559 est,
1043 3506 1074 3549 ut
1090 3514 1195 3561 causae,
1214 3497 1250 3549 ob
1268 3516 1350 3568 quam

269 3564 337 3618 haee
365 3576 540 3619 monumenta
557 3584 573 3618 a
590 3516 678 3619 dorsis
697 3575 847 3638 acceperat,
864 3567 1044 3620 satisfacerem
1063 3568 1225 3639 effectuique
1243 3567 1351 3636 darcm5

269 3634 343 3708 quod
370 3644 397 3686 et
420 3652 492 3686 nune
515 3653 591 3689 amc
608 3640 769 3707 praestitum
787 3640 991 3709 perfectumque
1010 3646 1059 3690 cst.
1095 3636 1229 3710 Quocirca
1250 3646 1352 3690 tamet-

269 3706 292 3755 si
309 3706 440 3757 nonnulla
460 3724 561 3772 corum,
581 3726 651 3777 quac
663 3706 697 3759 de
718 3708 824 3760 Cavade
842 3717 1048 3760 commemorata
1065 3718 1137 3774 sunt,
1151 3710 1232 3761 aliter
1248 3724 1263 3759 a
1280 3708 1351 3760 Pro-

269 3776 349 3844 copio
379 3774 486 3828 rhetore
514 3786 673 3840 narrantur,
701 3778 783 3830 nobis
805 3780 904 3831 Persici
928 3778 1067 3829 annalium
1095 3782 1239 3850 scriptores
1255 3780 1350 3849 potius

269 3854 333 3896 seint
351 3848 496 3916 sequendi,
524 3863 648 3919 quaeque
673 3846 695 3897 ii
719 3850 850 3912 scribunt,
868 3858 900 3901 ut
920 3849 1025 3901 veriora
1049 3850 1176 3902 tenenda.
1212 3849 1271 3901 iioc
1293 3852 1350 3901 ita-

270 3932 323 3985 que
343 3914 436 3967 tabore
461 3917 540 3968 nobis
558 3917 754 3989 perfectissime
778 3920 920 3983 absoluto,
941 3936 989 3989 age
1015 3919 1051 3972 ad
1072 3918 1282 3973 continuandam
1303 3918 1349 3971 iri-

269 3985 380 4036 storiam
405 3986 561 4051 redeamus,
585 4004 665 4061 quarn
686 3988 838 4061 interrupta
856 3992 1013 4042 narratione
1032 4008 1121 4045 rerum
1144 3993 1173 4043 in
1191 3991 1286 4043 Laaico
1301 4008 1350 4061 ge·

270 4060 396 4119 starum,
417 4057 470 4109 huc
502 4074 588 4129 usque
621 4058 806 4129 perduximus.
859 4060 918 4113 Hoc
945 4062 1037 4132 itaque
1061 4071 1140 4132 pacto
1174 4058 1348 4131 Naehoragan

270 4124 306 4177 ob
332 4128 408 4179 suain
437 4128 586 4183 vecordiam
599 4166 607 4193 ‚
633 4137 661 4181 et
683 4130 758 4202 quod
777 4148 826 4202 per
850 4132 906 4183 vim
932 4142 1003 4183 esset
1023 4133 1108 4184 rictus
1135 4148 1150 4182 a
1173 4130 1293 4184 Martino
1319 4140 1348 4184 et

271 4196 397 4250 Romanis
419 4198 513 4269 copiis,
531 4206 561 4253 ct
579 4198 615 4253 oh
637 4207 745 4275 turpem
758 4202 787 4256 in
800 4200 920 4258 iberiam
931 4201 1029 4274 fugam,
1056 4200 1240 4258 crudelissima
1259 4210 1348 4257 mone
