2900 4792
543 154 586 214 in
615 151 843 218 antuman.
1149 123 1226 210 351

149 303 245 370 vocnt
259 307 406 385 σκᾶπτον,
428 307 515 371 unde
529 317 562 372 et
572 328 662 392 reges
677 307 867 390 σκηπτοῦχοι
880 315 1044 376 vocantur.
1057 305 1160 393 ῥοπήν
1178 331 1235 372 au.

151 400 217 452 tem
237 411 273 452 ea
289 391 525 472 significatione
540 413 728 476 acceperam
742 413 779 454 ac
798 373 945 473 ῥᾶπαλον,
967 393 1075 470 idest,
1097 392 1231 472 cleram,

149 475 309 537 nddnctus
333 473 525 536 authoritate
537 474 709 553 Eustathii‚
731 476 788 558 qui
807 470 943 558 ῥόπαλον
963 475 1058 538 etiam
1071 486 1235 560 sceptrum

149 557 216 620 dici
229 579 321 639 posse
341 557 488 636 affirmet,
511 579 576 618 non
596 567 702 620 tamen
714 578 810 620 omne
831 558 987 642 σκῆπτρον
1003 579 1071 622 esse
1085 554 1233 646 ῥόπαλον.

150 640 235 702 Cum
259 661 335 702 vero
353 650 518 724 utrunque
540 641 582 704 sit
595 638 781 724 βακτήριον,
805 641 925 719 idest,
948 641 1094 718 baculum
1126 643 1233 706 credi·

148 723 256 784 derint
278 722 360 784 nihil
373 723 464 786 uliud
485 725 572 786 inter
595 723 674 787 haee
691 725 886 788 discriminis
906 725 1002 787 fuisse
1024 747 1122 811 quem
1141 726 1231 810 quod

147 801 288 890 ῥόπαλον
303 829 425 869 summa
444 808 493 876 sui
513 808 711 869 extremitate
736 807 904 870 incurvum
923 809 1036 880 suerit;
1067 808 1258 892 σκῆπτρονμ,
1268 825 1323 888 153

145 896 282 950 rectum.
307 891 410 952 Varro
427 899 532 952 autern
549 893 649 953 nostri
661 895 749 965 aevi3
771 911 915 974 magnus,
936 891 1080 974 inquam,
1096 891 1152 953 itte
1169 895 1230 960 Ios.

145 972 302 1055 Scaliger,
324 973 381 1054 qui
398 972 589 1036 felicissimis
605 973 758 1058 auspiciis
777 972 808 1034 in
828 975 911 1037 hanc
927 975 1131 1037 Academiam
1143 976 1233 1038 seuit

145 1077 249 1138 quum
269 1055 421 1140 Agathino
439 1077 529 1118 meus
546 1059 687 1120 Graecus
703 1056 822 1139 puriter
836 1067 867 1120 et
877 1058 1009 1119 Latinus
1023 1059 1086 1118 iuna
1102 1058 1143 1120 ad
1163 1059 1232 1120 cnl-

145 1159 218 1200 cem
232 1149 389 1219 vergeret,
411 1160 470 1223 pro
486 1136 573 1223 οὔτῇ
588 1135 670 1224 ῥοπῇ
685 1139 859 1222 legendum
872 1141 997 1202 censuit
1012 1138 1050 1202 οὐ
1067 1141 1105 1224 τῇ
1119 1141 1233 1225 πορπῇ.

145 1222 200 1284 cui
221 1221 325 1301 heroi,
347 1244 447 1304 quum
461 1216 573 1284 ornnes
590 1223 637 1284 rei
664 1222 822 1284 literariee
840 1224 1034 1304 σκηπτοῦχοι
1049 1225 1164 1302 merito
1181 1246 1232 1287 es-

144 1314 296 1388 surgant,
318 1327 357 1368 an
373 1327 439 1367 non
454 1327 514 1389 ego
527 1305 703 1390 gregarius,
724 1315 760 1366 ut
770 1307 812 1366 ita
829 1306 943 1383 dicum,
956 1315 988 1366 et
1000 1328 1083 1368 unus
1096 1307 1231 1370 emultis

144 1387 205 1472 qui
227 1389 367 1450 Palladis
387 1400 487 1451 castra
507 1411 541 1450 se
566 1398 690 1450 cuntur
709 1388 819 1464 miles,
842 1389 1037 1451 concedam?
1057 1391 1230 1474 praecipue

143 1493 247 1555 quum
257 1472 341 1534 idem
356 1480 465 1534 noster
474 1411 624 1555 Agriitias
633 1492 729 1555 supra
745 1471 802 1538 tib.
815 1473 929 1557 3.png.¹
943 1472 993 1536 85.
1009 1472 1067 1534 lin.
1083 1473 1130 1539 23.
1145 1481 1230 1556 [¹7²⁹

143 1565 189 1637 9.]
201 1547 363 1633 βασιλικὸν
378 1548 581 1637 ἐμπερόνημα
593 1554 648 1636 τῆς
657 1551 821 1634 χλαμύδος
833 1563 926 1618 vocet
934 1581 943 1638 3
958 1555 1013 1616 ubi
1028 1555 1181 1618 Tenthem
1195 1555 1230 1618 iu

143 1659 252 1722 regem
267 1639 423 1700 Lazarum
438 1660 456 1697 a
468 1639 648 1701 Iustiniano
660 1639 856 1721 Imperatore
871 1637 1108 1720 inauguratum,
1128 1639 1229 1724 regie·
1317 1658 1322 1670 ·

142 1743 208 1804 que
225 1716 399 1804 παράσημα
420 1721 485 1784 sive
508 1721 646 1806 insignis
666 1721 695 1784 ei
712 1721 806 1784 missa
826 1720 948 1787 scribit.

236 1839 310 1917 Peg.
332 1839 398 1903 115.
410 1837 466 1900 lin.
485 1836 605 1921 penult.
621 1842 705 1913 [anm
723 1844 783 1910 su]
807 1825 854 1907 οἷς
864 1833 926 1896 scir
935 1837 1094 1916 τιμωριῶν
1108 1834 1228 1899 ἀνεῖται

140 1912 262 1982 τούτων
270 1921 459 1996 νομεσαῑμον.
468 1917 605 2002 putarim
616 1917 798 1999 ponendam
810 1937 876 1980 esse
894 1927 1001 1980 notem
1012 1919 1227 1983 distinctionis

139 2010 217 2086 post
232 1997 267 2064 ni
293 1999 432 2080 ἀνεῖται,
465 2012 501 2062 ut
523 2003 565 2063 ud
581 1994 700 2062 rosires
717 1999 928 2064 subaudiatur
948 2000 1057 2065 ἕνεκεν.
1076 2002 1109 2062 in
1129 2023 1226 2086 quam

139 2084 336 2150 sententiam
358 2085 452 2147 etiam
473 2085 565 2146 verti.

225 2185 303 2266 Peg.
323 2205 388 2264 ¹¹7·
405 2183 461 2252 lin.
485 2205 529 2268 ¹9·
555 2183 638 2262 [222
660 2183 705 2258 6.]
728 2182 782 2244 καὶ
805 2176 862 2264 τὴν
877 2179 954 2264 aspi
971 2180 1069 2246 ταῦτα
1082 2179 1223 2264 σπουδὴν

139 2262 204 2347 οὐχ
226 2261 308 2329 ὥστε
329 2263 436 2345 μόνον.
470 2267 615 2330 Traiects
632 2287 700 2328 esse
723 2265 818 2328 verba
835 2269 962 2327 monuit
987 2286 1037 2326 me
1062 2265 1147 2328 idem
1169 2268 1222 2328 lo·

138 2350 258 2434 sephns
283 2351 435 2449 chliger.
488 2351 676 2454 ngendum
703 2349 831 2433 itaque,
861 2345 916 2409 xci
942 2344 1000 2430 τὴν
1024 2344 1221 2430 aspisatim

138 2430 280 2514 onaodq'v
291 2455 389 2511 μονον
409 2431 480 2514 οὐχ,
500 2455 583 2495 more
598 2428 676 2514 πρὸς
694 2420 826 2508 ὄνειδοςε
856 2432 1095 2494 distinctionem
1113 2441 1220 2493 tamen

137 2517 322 2600 ponendam
338 2520 476 2602 putarim
493 2525 566 2602 post
582 2513 628 2594 τὸ,
646 2513 707 2597 οὐχ
723 2526 756 2578 et
775 2523 847 2600 poet
867 2509 913 2594 ri,
937 2513 1031 2595 γένος.
1061 2522 1158 2596 atque
1175 2515 1221 2577 its

136 2600 349 2662 vertendum:
370 2601 567 2684 studiumque
582 2621 671 2661 suum
690 2613 808 2662 tantum
822 2619 887 2661 non
902 2602 937 2660 in
952 2600 1010 2659 boc
1027 2597 1217 2672 collocabat,

127 2696 175 2743 att
200 2685 381 2744 uniuersam
418 2685 627 2765 Romanorum
652 2685 810 2745 uodonem
841 2681 1030 2743 contumelio
1059 2679 1216 2762 afficeret.

134 2766 234 2847 Atqui
247 2767 339 2826 etiam
350 2767 408 2828 hoe
420 2785 516 2846 grane
533 2778 603 2826 erat
615 2776 647 2825 et
659 2765 754 2826 uelde
768 2763 971 2844 manifestum
986 2764 1217 2824 bostilisenimi

134 2861 361 2994 qrqumenqunp.
402 2849 447 2991 lq
459 2847 981 2990 quo·uerozpraqcipqethbqradat
1000 2858 1030 2908 et
1052 2849 1214 2910 maeatas·

155 2951 239 3003 aur,
263 2953 328 2992 arn
367 2951 420 3014 qus
464 2944 672 2992 maturetsem
712 2949 750 2991 oe
781 2951 831 2989 ae
853 2953 894 2988 a.

218 3029 295 3110 Peg.
319 3028 385 3096 118.
400 3031 454 3092 tin.
475 3029 527 3104 24.
542 3018 626 3109 [22q,
644 3035 701 3102 ru]
720 3017 813 3110 ἦμάρ
829 3021 865 3087 τὸ
885 3019 1070 3108 διαρῤήδην.
1084 3037 1213 3090 secutus
1298 3035 1304 3056 ⁸

135 3109 225 3172 {ilum
236 3111 406 3174 rethorum
422 3111 561 3196 Agathii,
581 3110 662 3173 verti
683 3111 816 3172 DIcebat
831 3111 913 3170 enim
928 3123 1046 3190 aperte,
1068 3119 1127 3172 etc.
1148 3109 1213 3172 sed

134 3196 313 3259 accuratius
337 3194 446 3256 locum
468 3193 682 3278 perpendenti
709 3193 863 3256 ridentur
889 3191 985 3254 verba
1008 3190 1086 3271 ills,
1115 3183 1213 3274 ἤγὰρ

134 3277 229 3339 τοῦτο
244 3273 419 3362 διαῤῥῆδην
436 3299 495 3363 per
511 3274 714 3358 parenthesin
739 3275 886 3358 legenda,
908 3283 941 3336 st
964 3295 1022 3357 pro
1041 3277 1216 3356 μεμελητη-

132 3360 238 3439 μένων
257 3361 430 3445 legendum
450 3357 763 3441 πεπλημμελημένοον.
783 3368 820 3420 ut
836 3358 877 3421 sit
895 3377 1025 3423 sensus:
1041 3355 1216 3440 fortitudi-

132 3463 204 3505 nem
227 3443 267 3505 id
287 3465 354 3506 esse
375 3465 522 3518 cenaeus,
552 3463 699 3526 regesque
723 3441 855 3514 decere,
878 3440 1029 3514 [dicebat
1048 3442 1131 3502 enim
1156 3442 1214 3502 hoc

132 3534 256 3610 aperte)
268 3527 314 3589 ad
328 3528 501 3608 malefacta
511 3526 680 3606 adiungere
695 3525 1009 3606 impudentiam.rel,
1025 3522 1065 3584 de
1080 3524 1120 3584 iis
1135 3544 1215 3606 quae

133 3611 298 3682 commissa
314 3623 387 3672 sunt
397 3631 461 3670 nou
478 3609 671 3670 erubescere.
724 3609 779 3668 lin.
794 3607 846 3685 46.
862 3605 946 3683 [228,
964 3605 1076 3690 12.]rqi
1097 3599 1156 3688 γὰρ
1175 3601 1213 3666 ad

131 3686 205 3754 λεἀν
218 3685 358 3774 ἔνδηλον.
388 3693 431 3777 rqi
446 3693 673 3774 interpretatus
695 3711 766 3751 snm
783 3711 841 3772 pro
853 3688 924 3755 τίνι.
945 3710 1010 3773 quo
1029 3690 1066 3749 fit
1086 3696 1123 3748 ut
1140 3707 1213 3772 pag.

135 3794 208 3920 riqg
223 3775 278 3873 lin:
299 3797 327 3921 p.
347 3777 381 3850 [l.
409 3775 467 3872 ¹5:]
493 3767 620 3871 posted
642 3765 849 3856 ἁρμόσασθαι
865 3771 1047 3858 ponendam
1064 3791 1213 3835 censeam

131 3877 176 3920 uo
210 3879 242 3920 m
265 3881 297 3921 tn
313 3869 532 3941 errogatronrs.

213 3957 288 4036 Peg,
316 3979 382 4020 sno.
400 3957 456 4018 lin.
475 3977 499 4016 s.
521 3953 606 4031 hdo,
631 3956 690 4027 rs]
710 3947 892 4036 δικαστικῆν
905 3949 1079 4040 μάχαιραν.
1105 3953 1208 4036 Supra

127 4061 201 4128 pag.
218 4041 285 4109 108.
298 4039 354 4104 liu.
371 4041 418 4119 αἱ.
439 4046 525 4123 [²⁰7²
539 4036 585 4112 6.]
601 4034 728 4102 vocavit
742 4039 940 4118 παλαμναῖον
957 4038 1058 4124 ξίφος.
1105 4037 1160 4100 lin.
1177 4035 1207 4099 5.
