<?xml version="1.0" encoding="UTF-8"?>
<!DOCTYPE html PUBLIC "-//W3C//DTD XHTML 1.0 Transitional//EN"
    "http://www.w3.org/TR/xhtml1/DTD/xhtml1-transitional.dtd">
<html xmlns="http://www.w3.org/1999/xhtml" xml:lang="en" lang="en">
 <head>
  <title>
</title>
<meta http-equiv="Content-Type" content="text/html;charset=utf-8" />
  <meta name='ocr-system' content='tesseract 3.04.00' />
  <meta name='ocr-capabilities' content='ocr_page ocr_carea ocr_par ocr_line ocrx_word'/>
</head>
<body>
  <div class='ocr_page' id='page_1' title='image "./corpusscriptoru55theogoog/corpusscriptoru55theogoog_0018.png"; bbox 0 0 2900 4792; ppageno 0'>
   <div class='ocr_carea' id='block_1_1' title="bbox 265 206 851 272">
    <p class='ocr_par' dir='ltr' id='par_1_1' title="bbox 265 206 851 272">
     <span class='ocr_line' id='line_1_1' title="bbox 265 206 851 272; baseline 0 0"><span class='ocrx_word' id='word_1_1' title='bbox 265 210 333 272; x_wconf 85' lang='lat' dir='ltr'><strong>XIV</strong></span> <span class='ocrx_word' id='word_1_2' title='bbox 755 206 851 272; x_wconf 70' lang='lat' dir='ltr'><strong>VlTA</strong></span> 
     </span>
    </p>
   </div>
   <div class='ocr_carea' id='block_1_2' title="bbox 257 356 1425 1136">
    <p class='ocr_par' dir='ltr' id='par_1_2' title="bbox 257 356 1425 1136">
     <span class='ocr_line' id='line_1_2' title="bbox 265 356 1340 444; baseline 0.005 -24"><span class='ocrx_word' id='word_1_3' title='bbox 265 381 360 444; x_wconf 88' lang='lat' dir='ltr'><strong>quem</strong></span> <span class='ocrx_word' id='word_1_4' title='bbox 378 356 574 422; x_wconf 75' lang='lat' dir='ltr'><strong>Alexandria</strong></span> <span class='ocrx_word' id='word_1_5' title='bbox 596 356 683 443; x_wconf 89' lang='lat' dir='ltr'><strong>ipsa,</strong></span> <span class='ocrx_word' id='word_1_6' title='bbox 703 377 868 444; x_wconf 82' lang='lat' dir='ltr'><strong>nunquam</strong></span> <span class='ocrx_word' id='word_1_7' title='bbox 886 360 1108 424; x_wconf 85' lang='lat' dir='ltr'><strong>anteamoreri</strong></span> <span class='ocrx_word' id='word_1_8' title='bbox 1127 359 1240 442; x_wconf 89' lang='lat' dir='ltr'><strong>solita,</strong></span> <span class='ocrx_word' id='word_1_9' title='bbox 1260 381 1340 427; x_wconf 87' lang='lat' dir='ltr'><strong>seu·</strong></span> 
     </span>
     <span class='ocr_line' id='line_1_3' title="bbox 262 458 1339 543; baseline 0 -21"><span class='ocrx_word' id='word_1_10' title='bbox 262 468 369 539; x_wconf 86' lang='lat' dir='ltr'><strong>serat,</strong></span> <span class='ocrx_word' id='word_1_11' title='bbox 391 458 699 542; x_wconf 75' lang='lat' dir='ltr'><strong>Constantinopolim</strong></span> <span class='ocrx_word' id='word_1_12' title='bbox 713 479 874 543; x_wconf 88' lang='lat' dir='ltr'><strong>regressus</strong></span> <span class='ocrx_word' id='word_1_13' title='bbox 890 468 939 524; x_wconf 90' lang='lat' dir='ltr'><strong>est</strong></span> <span class='ocrx_word' id='word_1_14' title='bbox 952 463 992 538; x_wconf 71' lang='grc' dir='ltr'><strong>ὓ).</strong></span> <span class='ocrx_word' id='word_1_15' title='bbox 1033 460 1139 541; x_wconf 85' lang='lat' dir='ltr'><strong>Quem</strong></span> <span class='ocrx_word' id='word_1_16' title='bbox 1160 461 1339 524; x_wconf 86' lang='lat' dir='ltr'><strong>studiorum</strong></span> 
     </span>
     <span class='ocr_line' id='line_1_4' title="bbox 260 557 1340 644; baseline 0.002 -26"><span class='ocrx_word' id='word_1_17' title='bbox 260 557 450 621; x_wconf 78' lang='lat' dir='ltr'><strong>iuvenilium</strong></span> <span class='ocrx_word' id='word_1_18' title='bbox 467 579 595 620; x_wconf 87' lang='lat' dir='ltr'><strong>cursum</strong></span> <span class='ocrx_word' id='word_1_19' title='bbox 609 557 665 642; x_wconf 91' lang='lat' dir='ltr'><strong>qui</strong></span> <span class='ocrx_word' id='word_1_20' title='bbox 679 559 891 642; x_wconf 78' lang='lat' dir='ltr'><strong>reputaverit,</strong></span> <span class='ocrx_word' id='word_1_21' title='bbox 914 578 979 622; x_wconf 92' lang='lat' dir='ltr'><strong>non</strong></span> <span class='ocrx_word' id='word_1_22' title='bbox 997 557 1153 622; x_wconf 74' lang='lat' dir='ltr'>dubitabit</span> <span class='ocrx_word' id='word_1_23' title='bbox 1167 559 1340 644; x_wconf 82' lang='lat' dir='ltr'><strong>Agathiam</strong></span> 
     </span>
     <span class='ocr_line' id='line_1_5' title="bbox 261 655 1338 742; baseline 0.003 -25"><span class='ocrx_word' id='word_1_24' title='bbox 261 664 339 718; x_wconf 88' lang='lat' dir='ltr'><strong>tunc</strong></span> <span class='ocrx_word' id='word_1_25' title='bbox 359 656 517 720; x_wconf 87' lang='lat' dir='ltr'><strong>decimum</strong></span> <span class='ocrx_word' id='word_1_26' title='bbox 534 665 683 720; x_wconf 83' lang='lat' dir='ltr'><strong>octavum</strong></span> <span class='ocrx_word' id='word_1_27' title='bbox 703 655 812 720; x_wconf 84' lang='lat' dir='ltr'><strong>aetatis</strong></span> <span class='ocrx_word' id='word_1_28' title='bbox 827 670 946 720; x_wconf 84' lang='lat' dir='ltr'><strong>sunum</strong></span> <span class='ocrx_word' id='word_1_29' title='bbox 966 679 1126 742; x_wconf 86' lang='lat' dir='ltr'><strong>egressum</strong></span> <span class='ocrx_word' id='word_1_30' title='bbox 1146 681 1211 721; x_wconf 90' lang='lat' dir='ltr'><strong>non</strong></span> <span class='ocrx_word' id='word_1_31' title='bbox 1227 656 1338 738; x_wconf 80' lang='lat' dir='ltr'><strong>fuisse,</strong></span> 
     </span>
     <span class='ocr_line' id='line_1_6' title="bbox 259 749 1425 840; baseline 0.003 -24"><span class='ocrx_word' id='word_1_32' title='bbox 259 753 390 838; x_wconf 85' lang='lat' dir='ltr'><strong>eiusque</strong></span> <span class='ocrx_word' id='word_1_33' title='bbox 411 749 550 816; x_wconf 82' lang='lat' dir='ltr'><strong>natalem</strong></span> <span class='ocrx_word' id='word_1_34' title='bbox 566 754 599 814; x_wconf 92' lang='lat' dir='ltr'><strong>in</strong></span> <span class='ocrx_word' id='word_1_35' title='bbox 622 774 744 815; x_wconf 89' lang='lat' dir='ltr'><strong>annum</strong></span> <span class='ocrx_word' id='word_1_36' title='bbox 764 754 851 833; x_wconf 68' lang='lat'><strong>536„</strong></span> <span class='ocrx_word' id='word_1_37' title='bbox 877 756 931 818; x_wconf 87' lang='lat' dir='ltr'><strong>rel</strong></span> <span class='ocrx_word' id='word_1_38' title='bbox 952 768 1160 840; x_wconf 86' lang='lat' dir='ltr'><strong>sequentem,</strong></span> <span class='ocrx_word' id='word_1_39' title='bbox 1183 754 1339 822; x_wconf 85' lang='lat' dir='ltr'><strong>incidere.</strong></span> <span class='ocrx_word' id='word_1_40' title='bbox 1408 758 1425 771; x_wconf 63' lang='lat'>⁸</span> 
     </span>
     <span class='ocr_line' id='line_1_7' title="bbox 259 853 1339 939; baseline 0.002 -25"><span class='ocrx_word' id='word_1_41' title='bbox 259 855 367 933; x_wconf 87' lang='lat' dir='ltr'><strong>Quum</strong></span> <span class='ocrx_word' id='word_1_42' title='bbox 383 873 460 916; x_wconf 80' lang='lat' dir='ltr'><strong>vero</strong></span> <span class='ocrx_word' id='word_1_43' title='bbox 473 853 606 936; x_wconf 85' lang='lat' dir='ltr'><strong>Berytus</strong></span> <span class='ocrx_word' id='word_1_44' title='bbox 623 853 679 916; x_wconf 86' lang='lat' dir='ltr'><strong>illa</strong></span> <span class='ocrx_word' id='word_1_45' title='bbox 691 854 782 917; x_wconf 85' lang='lat' dir='ltr'><strong>clads</strong></span> <span class='ocrx_word' id='word_1_46' title='bbox 798 855 937 939; x_wconf 89' lang='lat' dir='ltr'><strong>collapsa</strong></span> <span class='ocrx_word' id='word_1_47' title='bbox 954 865 1045 934; x_wconf 87' lang='lat' dir='ltr'><strong>esset,</strong></span> <span class='ocrx_word' id='word_1_48' title='bbox 1060 877 1124 918; x_wconf 91' lang='lat' dir='ltr'><strong>nou</strong></span> <span class='ocrx_word' id='word_1_49' title='bbox 1139 855 1271 932; x_wconf 82' lang='lat' dir='ltr'><strong>dubium</strong></span> <span class='ocrx_word' id='word_1_50' title='bbox 1286 862 1339 918; x_wconf 86' lang='lat' dir='ltr'><strong>est</strong></span> 
     </span>
     <span class='ocr_line' id='line_1_8' title="bbox 257 951 1340 1038; baseline 0 -24"><span class='ocrx_word' id='word_1_51' title='bbox 257 972 330 1014; x_wconf 90' lang='lat' dir='ltr'><strong>eum</strong></span> <span class='ocrx_word' id='word_1_52' title='bbox 345 951 379 1012; x_wconf 90' lang='lat' dir='ltr'><strong>in</strong></span> <span class='ocrx_word' id='word_1_53' title='bbox 393 951 469 1014; x_wconf 91' lang='lat' dir='ltr'><strong>urbe</strong></span> <span class='ocrx_word' id='word_1_54' title='bbox 481 953 569 1036; x_wconf 87' lang='lat' dir='ltr'><strong>regia</strong></span> <span class='ocrx_word' id='word_1_55' title='bbox 580 961 796 1016; x_wconf 86' lang='lat' dir='ltr'><strong>antecessores</strong></span> <span class='ocrx_word' id='word_1_56' title='bbox 813 954 978 1017; x_wconf 87' lang='lat' dir='ltr'><strong>audivisse.</strong></span> <span class='ocrx_word' id='word_1_57' title='bbox 1019 956 1109 1035; x_wconf 85' lang='lat' dir='ltr'><strong>Quae</strong></span> <span class='ocrx_word' id='word_1_58' title='bbox 1120 954 1223 1017; x_wconf 88' lang='lat' dir='ltr'><strong>studia</strong></span> <span class='ocrx_word' id='word_1_59' title='bbox 1234 973 1340 1038; x_wconf 72' lang='lat' dir='ltr'><strong>quum</strong></span> 
     </span>
     <span class='ocr_line' id='line_1_9' title="bbox 257 1049 1337 1136; baseline 0 -24"><span class='ocrx_word' id='word_1_60' title='bbox 257 1049 401 1132; x_wconf 86' lang='lat' dir='ltr'><strong>quinque</strong></span> <span class='ocrx_word' id='word_1_61' title='bbox 425 1070 526 1112; x_wconf 86' lang='lat' dir='ltr'><strong>annos</strong></span> <span class='ocrx_word' id='word_1_62' title='bbox 550 1049 740 1134; x_wconf 83' lang='lat' dir='ltr'><strong>implerent,</strong></span> <span class='ocrx_word' id='word_1_63' title='bbox 774 1052 879 1136; x_wconf 88' lang='lat' dir='ltr'><strong>quarti</strong></span> <span class='ocrx_word' id='word_1_64' title='bbox 900 1053 935 1112; x_wconf 90' lang='lat' dir='ltr'><strong>in</strong></span> <span class='ocrx_word' id='word_1_65' title='bbox 954 1053 1093 1136; x_wconf 84' lang='lat' dir='ltr'><strong>quodam</strong></span> <span class='ocrx_word' id='word_1_66' title='bbox 1109 1053 1337 1136; x_wconf 72' lang='lat' dir='ltr'><strong>epigrammate</strong></span> 
     </span>
    </p>
   </div>
   <div class='ocr_carea' id='block_1_3' title="bbox 158 1147 1338 1234">
    <p class='ocr_par' dir='ltr' id='par_1_3' title="bbox 158 1147 1338 1234">
     <span class='ocr_line' id='line_1_10' title="bbox 158 1147 1338 1234; baseline 0.002 -24"><span class='ocrx_word' id='word_1_67' title='bbox 158 1195 161 1200; x_wconf 84' lang='grc'><strong>-</strong></span> <span class='ocrx_word' id='word_1_68' title='bbox 255 1147 401 1212; x_wconf 84' lang='lat' dir='ltr'><strong>meminit</strong></span> <span class='ocrx_word' id='word_1_69' title='bbox 419 1149 468 1228; x_wconf 79' lang='lat'><strong>⁹)=</strong></span> <span class='ocrx_word' id='word_1_70' title='bbox 497 1157 530 1212; x_wconf 94' lang='lat' dir='ltr'><strong>et</strong></span> <span class='ocrx_word' id='word_1_71' title='bbox 545 1147 620 1210; x_wconf 84' lang='lat' dir='ltr'><strong>alibi</strong></span> <span class='ocrx_word' id='word_1_72' title='bbox 648 1150 735 1234; x_wconf 88' lang='lat' dir='ltr'><strong>leges</strong></span> <span class='ocrx_word' id='word_1_73' title='bbox 757 1149 915 1213; x_wconf 81' lang='lat' dir='ltr'><strong>Romanae</strong></span> <span class='ocrx_word' id='word_1_74' title='bbox 936 1160 1037 1214; x_wconf 86' lang='lat' dir='ltr'><strong>artem</strong></span> <span class='ocrx_word' id='word_1_75' title='bbox 1062 1152 1152 1214; x_wconf 77' lang='lat' dir='ltr'><strong>suam</strong></span> <span class='ocrx_word' id='word_1_76' title='bbox 1174 1171 1241 1213; x_wconf 89' lang='lat' dir='ltr'><strong>esse</strong></span> <span class='ocrx_word' id='word_1_77' title='bbox 1266 1149 1338 1232; x_wconf 86' lang='lat' dir='ltr'><strong>ipse</strong></span> 
     </span>
    </p>
   </div>
   <div class='ocr_carea' id='block_1_4' title="bbox 238 1247 1338 3300">
    <p class='ocr_par' dir='ltr' id='par_1_4' title="bbox 238 1247 1338 3300">
     <span class='ocr_line' id='line_1_11' title="bbox 256 1247 1338 1333; baseline 0.003 -26"><span class='ocrx_word' id='word_1_78' title='bbox 256 1247 504 1330; x_wconf 80' lang='lat' dir='ltr'><strong>profitetur1⁰);</strong></span> <span class='ocrx_word' id='word_1_79' title='bbox 547 1268 681 1332; x_wconf 87' lang='lat' dir='ltr'><strong>quarum</strong></span> <span class='ocrx_word' id='word_1_80' title='bbox 709 1249 928 1333; x_wconf 72' lang='lat' dir='ltr'><strong>cognitionem</strong></span> <span class='ocrx_word' id='word_1_81' title='bbox 961 1271 1036 1312; x_wconf 87' lang='lat' dir='ltr'><strong>curu</strong></span> <span class='ocrx_word' id='word_1_82' title='bbox 1064 1249 1195 1314; x_wconf 88' lang='lat' dir='ltr'><strong>dicendi</strong></span> <span class='ocrx_word' id='word_1_83' title='bbox 1227 1249 1338 1311; x_wconf 82' lang='lat' dir='ltr'><strong>iacul-</strong></span> 
     </span>
     <span class='ocr_line' id='line_1_12' title="bbox 254 1346 1337 1430; baseline 0.002 -22"><span class='ocrx_word' id='word_1_84' title='bbox 254 1354 319 1409; x_wconf 84' lang='lat' dir='ltr'><strong>tats</strong></span> <span class='ocrx_word' id='word_1_85' title='bbox 343 1346 386 1408; x_wconf 84' lang='lat' dir='ltr'><strong>ita</strong></span> <span class='ocrx_word' id='word_1_86' title='bbox 409 1347 579 1409; x_wconf 83' lang='lat' dir='ltr'><strong>coniunxit</strong></span> <span class='ocrx_word' id='word_1_87' title='bbox 600 1355 636 1408; x_wconf 93' lang='lat' dir='ltr'><strong>ut</strong></span> <span class='ocrx_word' id='word_1_88' title='bbox 656 1369 764 1412; x_wconf 88' lang='lat' dir='ltr'><strong>causas</strong></span> <span class='ocrx_word' id='word_1_89' title='bbox 783 1359 858 1411; x_wconf 89' lang='lat' dir='ltr'><strong>aute</strong></span> <span class='ocrx_word' id='word_1_90' title='bbox 877 1347 1053 1411; x_wconf 89' lang='lat' dir='ltr'><strong>tribunalia</strong></span> <span class='ocrx_word' id='word_1_91' title='bbox 1076 1358 1201 1418; x_wconf 33' lang='lat' dir='ltr'><strong>,orarets</strong></span> <span class='ocrx_word' id='word_1_92' title='bbox 1233 1346 1337 1430; x_wconf 83' lang='lat' dir='ltr'><strong>idque</strong></span> 
     </span>
     <span class='ocr_line' id='line_1_13' title="bbox 254 1435 1335 1530; baseline -0.002 -24"><span class='ocrx_word' id='word_1_93' title='bbox 254 1442 554 1528; x_wconf 87' lang='lat' dir='ltr'><strong>Constantinopoli,</strong></span> <span class='ocrx_word' id='word_1_94' title='bbox 576 1444 632 1506; x_wconf 77' lang='lat' dir='ltr'><strong>ulai</strong></span> <span class='ocrx_word' id='word_1_95' title='bbox 645 1445 678 1506; x_wconf 92' lang='lat' dir='ltr'><strong>in</strong></span> <span class='ocrx_word' id='word_1_96' title='bbox 696 1443 827 1509; x_wconf 83' lang='lat' dir='ltr'><strong>basilica</strong></span> <span class='ocrx_word' id='word_1_97' title='bbox 842 1444 1013 1510; x_wconf 85' lang='lat' dir='ltr'><strong>clientibus</strong></span> <span class='ocrx_word' id='word_1_98' title='bbox 1025 1467 1153 1530; x_wconf 83' lang='lat' dir='ltr'><strong>operam</strong></span> <span class='ocrx_word' id='word_1_99' title='bbox 1170 1445 1264 1508; x_wconf 88' lang='lat' dir='ltr'><strong>dabat</strong></span> <span class='ocrx_word' id='word_1_100' title='bbox 1278 1435 1335 1522; x_wconf 78' lang='lat'>1&#39;1).</span> 
     </span>
     <span class='ocr_line' id='line_1_14' title="bbox 252 1541 1337 1628; baseline -0.002 -22"><span class='ocrx_word' id='word_1_101' title='bbox 252 1543 414 1606; x_wconf 87' lang='lat' dir='ltr'><strong>Causidici</strong></span> <span class='ocrx_word' id='word_1_102' title='bbox 438 1553 515 1606; x_wconf 90' lang='lat' dir='ltr'><strong>tunc</strong></span> <span class='ocrx_word' id='word_1_103' title='bbox 535 1541 718 1606; x_wconf 87' lang='lat' dir='ltr'><strong>scholastici</strong></span> <span class='ocrx_word' id='word_1_104' title='bbox 742 1544 941 1606; x_wconf 80' lang='lat' dir='ltr'><strong>vocabantur</strong></span> <span class='ocrx_word' id='word_1_105' title='bbox 956 1547 984 1593; x_wconf 79' lang='lat'><strong>1²</strong></span> <span class='ocrx_word' id='word_1_106' title='bbox 996 1551 1024 1624; x_wconf 92' lang='lat'><strong>),</strong></span> <span class='ocrx_word' id='word_1_107' title='bbox 1073 1545 1160 1607; x_wconf 90' lang='lat' dir='ltr'><strong>unde</strong></span> <span class='ocrx_word' id='word_1_108' title='bbox 1178 1541 1337 1628; x_wconf 82' lang='lat' dir='ltr'><strong>Agathino</strong></span> 
     </span>
     <span class='ocr_line' id='line_1_15' title="bbox 252 1641 1337 1728; baseline -0.004 -22"><span class='ocrx_word' id='word_1_109' title='bbox 252 1663 430 1728; x_wconf 87' lang='lat' dir='ltr'><strong>cognomen</strong></span> <span class='ocrx_word' id='word_1_110' title='bbox 457 1641 570 1708; x_wconf 87' lang='lat' dir='ltr'><strong>haesit.</strong></span> <span class='ocrx_word' id='word_1_111' title='bbox 620 1642 740 1704; x_wconf 87' lang='lat' dir='ltr'><strong>Tenuit</strong></span> <span class='ocrx_word' id='word_1_112' title='bbox 763 1652 870 1706; x_wconf 88' lang='lat' dir='ltr'><strong>autem</strong></span> <span class='ocrx_word' id='word_1_113' title='bbox 896 1644 980 1707; x_wconf 90' lang='lat' dir='ltr'><strong>istud</strong></span> <span class='ocrx_word' id='word_1_114' title='bbox 1008 1643 1093 1706; x_wconf 85' lang='lat' dir='ltr'><strong>ritae</strong></span> <span class='ocrx_word' id='word_1_115' title='bbox 1120 1664 1222 1728; x_wconf 87' lang='lat' dir='ltr'><strong>genus</strong></span> <span class='ocrx_word' id='word_1_116' title='bbox 1249 1643 1337 1706; x_wconf 82' lang='lat' dir='ltr'><strong>invi·</strong></span> 
     </span>
     <span class='ocr_line' id='line_1_16' title="bbox 250 1740 1337 1827; baseline -0.003 -23"><span class='ocrx_word' id='word_1_117' title='bbox 250 1751 316 1821; x_wconf 87' lang='lat' dir='ltr'><strong>tus,</strong></span> <span class='ocrx_word' id='word_1_118' title='bbox 352 1763 389 1806; x_wconf 86' lang='lat' dir='ltr'><strong>sc</strong></span> <span class='ocrx_word' id='word_1_119' title='bbox 406 1740 591 1804; x_wconf 82' lang='lat' dir='ltr'><strong>necessitato</strong></span> <span class='ocrx_word' id='word_1_120' title='bbox 612 1751 760 1820; x_wconf 88' lang='lat' dir='ltr'><strong>coactus,</strong></span> <span class='ocrx_word' id='word_1_121' title='bbox 789 1754 825 1804; x_wconf 93' lang='lat' dir='ltr'><strong>ut</strong></span> <span class='ocrx_word' id='word_1_122' title='bbox 844 1742 966 1806; x_wconf 90' lang='lat' dir='ltr'><strong>rictum</strong></span> <span class='ocrx_word' id='word_1_123' title='bbox 995 1742 1056 1806; x_wconf 88' lang='lat' dir='ltr'><strong>sibi</strong></span> <span class='ocrx_word' id='word_1_124' title='bbox 1082 1740 1253 1827; x_wconf 84' lang='lat' dir='ltr'><strong>quaereret</strong></span> <span class='ocrx_word' id='word_1_125' title='bbox 1268 1740 1337 1820; x_wconf 81' lang='lat' dir='ltr'><strong>¹³)s</strong></span> 
     </span>
     <span class='ocr_line' id='line_1_17' title="bbox 249 1836 1337 1925; baseline -0.003 -21"><span class='ocrx_word' id='word_1_126' title='bbox 249 1863 321 1904; x_wconf 88' lang='lat' dir='ltr'><strong>nam</strong></span> <span class='ocrx_word' id='word_1_127' title='bbox 343 1841 383 1904; x_wconf 91' lang='lat' dir='ltr'><strong>ad</strong></span> <span class='ocrx_word' id='word_1_128' title='bbox 411 1839 594 1904; x_wconf 82' lang='lat' dir='ltr'><strong>amoeniora</strong></span> <span class='ocrx_word' id='word_1_129' title='bbox 619 1840 722 1902; x_wconf 84' lang='lat' dir='ltr'><strong>studia</strong></span> <span class='ocrx_word' id='word_1_130' title='bbox 744 1842 915 1904; x_wconf 76' lang='lat' dir='ltr'><strong>serocalsst</strong></span> <span class='ocrx_word' id='word_1_131' title='bbox 936 1840 1173 1925; x_wconf 78' lang='lat' dir='ltr'><strong>adolescentem</strong></span> <span class='ocrx_word' id='word_1_132' title='bbox 1195 1836 1337 1902; x_wconf 77' lang='lat' dir='ltr'><strong>honesta</strong></span> 
     </span>
     <span class='ocr_line' id='line_1_18' title="bbox 247 1936 1337 2023; baseline -0.001 -20"><span class='ocrx_word' id='word_1_133' title='bbox 247 1940 409 2007; x_wconf 74' lang='lat' dir='ltr'><strong>voluntas.</strong></span> <span class='ocrx_word' id='word_1_134' title='bbox 456 1939 635 2000; x_wconf 87' lang='lat' dir='ltr'><strong>Exaruerat</strong></span> <span class='ocrx_word' id='word_1_135' title='bbox 660 1938 807 2002; x_wconf 87' lang='lat' dir='ltr'><strong>noudum</strong></span> <span class='ocrx_word' id='word_1_136' title='bbox 835 1941 956 2023; x_wconf 76' lang='lat' dir='ltr'><strong>potsis,</strong></span> <span class='ocrx_word' id='word_1_137' title='bbox 996 1938 1207 2023; x_wconf 82' lang='lat' dir='ltr'><strong>vivebantque</strong></span> <span class='ocrx_word' id='word_1_138' title='bbox 1225 1936 1337 2002; x_wconf 80' lang='lat' dir='ltr'><strong>adhuc</strong></span> 
     </span>
     <span class='ocr_line' id='line_1_19' title="bbox 238 2035 1334 2122; baseline 0.001 -24"><span class='ocrx_word' id='word_1_139' title='bbox 238 2037 282 2106; x_wconf 67' lang='grc'><strong>,111</strong></span> <span class='ocrx_word' id='word_1_140' title='bbox 302 2059 356 2100; x_wconf 90' lang='lat' dir='ltr'><strong>ore</strong></span> <span class='ocrx_word' id='word_1_141' title='bbox 375 2035 540 2100; x_wconf 83' lang='lat' dir='ltr'><strong>hominum</strong></span> <span class='ocrx_word' id='word_1_142' title='bbox 561 2035 689 2098; x_wconf 79' lang='lat' dir='ltr'><strong>fabulae</strong></span> <span class='ocrx_word' id='word_1_143' title='bbox 714 2039 895 2101; x_wconf 76' lang='lat' dir='ltr'><strong>vetustatis:</strong></span> <span class='ocrx_word' id='word_1_144' title='bbox 923 2039 1003 2122; x_wconf 89' lang='lat' dir='ltr'><strong>quin</strong></span> <span class='ocrx_word' id='word_1_145' title='bbox 1024 2038 1182 2101; x_wconf 87' lang='lat' dir='ltr'><strong>florebant</strong></span> <span class='ocrx_word' id='word_1_146' title='bbox 1201 2036 1235 2098; x_wconf 92' lang='lat' dir='ltr'><strong>iu</strong></span> <span class='ocrx_word' id='word_1_147' title='bbox 1256 2037 1334 2099; x_wconf 84' lang='lat' dir='ltr'><strong>aula</strong></span> 
     </span>
     <span class='ocr_line' id='line_1_20' title="bbox 245 2135 1334 2222; baseline 0 -25"><span class='ocrx_word' id='word_1_148' title='bbox 245 2135 317 2220; x_wconf 84' lang='lat' dir='ltr'><strong>ipse</strong></span> <span class='ocrx_word' id='word_1_149' title='bbox 341 2144 437 2219; x_wconf 86' lang='lat' dir='ltr'><strong>atque</strong></span> <span class='ocrx_word' id='word_1_150' title='bbox 465 2135 552 2196; x_wconf 88' lang='lat' dir='ltr'><strong>inter</strong></span> <span class='ocrx_word' id='word_1_151' title='bbox 569 2155 718 2218; x_wconf 81' lang='lat' dir='ltr'><strong>proceres</strong></span> <span class='ocrx_word' id='word_1_152' title='bbox 744 2137 801 2220; x_wconf 88' lang='lat' dir='ltr'><strong>qui</strong></span> <span class='ocrx_word' id='word_1_153' title='bbox 828 2136 971 2200; x_wconf 82' lang='lat' dir='ltr'><strong>rersilsus</strong></span> <span class='ocrx_word' id='word_1_154' title='bbox 994 2136 1171 2222; x_wconf 84' lang='lat' dir='ltr'><strong>pangendis</strong></span> <span class='ocrx_word' id='word_1_155' title='bbox 1194 2135 1334 2220; x_wconf 84' lang='lat' dir='ltr'><strong>gloriam</strong></span> 
     </span>
     <span class='ocr_line' id='line_1_21' title="bbox 245 2233 1332 2317; baseline -0.002 -19"><span class='ocrx_word' id='word_1_156' title='bbox 245 2233 308 2298; x_wconf 85' lang='lat' dir='ltr'><strong>sibi</strong></span> <span class='ocrx_word' id='word_1_157' title='bbox 327 2240 539 2317; x_wconf 80' lang='lat' dir='ltr'><strong>quaererent:</strong></span> <span class='ocrx_word' id='word_1_158' title='bbox 569 2253 780 2316; x_wconf 84' lang='lat' dir='ltr'><strong>quamquam.</strong></span> <span class='ocrx_word' id='word_1_159' title='bbox 794 2255 859 2296; x_wconf 91' lang='lat' dir='ltr'><strong>nou</strong></span> <span class='ocrx_word' id='word_1_160' title='bbox 881 2234 1069 2298; x_wconf 86' lang='lat' dir='ltr'><strong>imminebat</strong></span> <span class='ocrx_word' id='word_1_161' title='bbox 1089 2233 1195 2297; x_wconf 89' lang='lat' dir='ltr'><strong>solum</strong></span> <span class='ocrx_word' id='word_1_162' title='bbox 1216 2254 1332 2296; x_wconf 82' lang='lat' dir='ltr'><strong>rerum</strong></span> 
     </span>
     <span class='ocr_line' id='line_1_22' title="bbox 245 2319 1331 2416; baseline 0.001 -22"><span class='ocrx_word' id='word_1_163' title='bbox 245 2332 374 2394; x_wconf 87' lang='lat' dir='ltr'><strong>iamiam</strong></span> <span class='ocrx_word' id='word_1_164' title='bbox 392 2331 633 2414; x_wconf 76' lang='lat' dir='ltr'><strong>ingravescebat</strong></span> <span class='ocrx_word' id='word_1_165' title='bbox 649 2331 820 2410; x_wconf 84' lang='lat' dir='ltr'><strong>barbaries,</strong></span> <span class='ocrx_word' id='word_1_166' title='bbox 834 2353 915 2416; x_wconf 86' lang='lat' dir='ltr'><strong>quse</strong></span> <span class='ocrx_word' id='word_1_167' title='bbox 932 2353 1018 2411; x_wconf 86' lang='lat' dir='ltr'><strong>mcx,</strong></span> <span class='ocrx_word' id='word_1_168' title='bbox 1040 2332 1184 2397; x_wconf 83' lang='lat' dir='ltr'><strong>extincto</strong></span> <span class='ocrx_word' id='word_1_169' title='bbox 1197 2319 1331 2415; x_wconf 80' lang='lat' dir='ltr'><strong>penitus</strong></span> 
     </span>
     <span class='ocr_line' id='line_1_23' title="bbox 245 2427 1331 2513; baseline -0.002 -21"><span class='ocrx_word' id='word_1_170' title='bbox 245 2429 446 2513; x_wconf 83' lang='lat' dir='ltr'><strong>antiquitatis</strong></span> <span class='ocrx_word' id='word_1_171' title='bbox 465 2427 601 2502; x_wconf 88' lang='lat' dir='ltr'><strong>lumine,</strong></span> <span class='ocrx_word' id='word_1_172' title='bbox 624 2428 821 2490; x_wconf 83' lang='lat' dir='ltr'><strong>densissimis</strong></span> <span class='ocrx_word' id='word_1_173' title='bbox 837 2430 997 2509; x_wconf 85' lang='lat' dir='ltr'><strong>tenebris,</strong></span> <span class='ocrx_word' id='word_1_174' title='bbox 1017 2450 1206 2512; x_wconf 87' lang='lat' dir='ltr'><strong>morumque</strong></span> <span class='ocrx_word' id='word_1_175' title='bbox 1222 2431 1331 2490; x_wconf 79' lang='lat' dir='ltr'><strong>imma·</strong></span> 
     </span>
     <span class='ocr_line' id='line_1_24' title="bbox 245 2524 1332 2612; baseline -0.002 -21"><span class='ocrx_word' id='word_1_176' title='bbox 245 2531 354 2607; x_wconf 91' lang='lat' dir='ltr'><strong>nitate,</strong></span> <span class='ocrx_word' id='word_1_177' title='bbox 368 2530 505 2589; x_wconf 85' lang='lat' dir='ltr'><strong>Graecas</strong></span> <span class='ocrx_word' id='word_1_178' title='bbox 519 2524 667 2608; x_wconf 89' lang='lat' dir='ltr'><strong>regiones</strong></span> <span class='ocrx_word' id='word_1_179' title='bbox 675 2526 825 2604; x_wconf 77' lang='lat' dir='ltr'><strong>foedavit,</strong></span> <span class='ocrx_word' id='word_1_180' title='bbox 841 2536 1071 2612; x_wconf 84' lang='lat' dir='ltr'><strong>stuporemque</strong></span> <span class='ocrx_word' id='word_1_181' title='bbox 1080 2547 1141 2610; x_wconf 92' lang='lat' dir='ltr'><strong>pro</strong></span> <span class='ocrx_word' id='word_1_182' title='bbox 1154 2527 1332 2609; x_wconf 88' lang='lat' dir='ltr'><strong>prudentia</strong></span> 
     </span>
     <span class='ocr_line' id='line_1_25' title="bbox 243 2622 1332 2709; baseline -0.001 -19"><span class='ocrx_word' id='word_1_183' title='bbox 243 2626 382 2692; x_wconf 84' lang='lat' dir='ltr'><strong>induxit.</strong></span> <span class='ocrx_word' id='word_1_184' title='bbox 422 2624 473 2687; x_wconf 81' lang='lat' dir='ltr'><strong>Ad</strong></span> <span class='ocrx_word' id='word_1_185' title='bbox 484 2623 579 2686; x_wconf 87' lang='lat' dir='ltr'><strong>hasce</strong></span> <span class='ocrx_word' id='word_1_186' title='bbox 591 2622 882 2708; x_wconf 82' lang='lat' dir='ltr'><strong>deliciasAgathias</strong></span> <span class='ocrx_word' id='word_1_187' title='bbox 897 2623 1031 2703; x_wconf 84' lang='lat' dir='ltr'><strong>delatus,</strong></span> <span class='ocrx_word' id='word_1_188' title='bbox 1053 2625 1191 2709; x_wconf 86' lang='lat' dir='ltr'><strong>primum</strong></span> <span class='ocrx_word' id='word_1_189' title='bbox 1206 2637 1332 2689; x_wconf 78' lang='lat' dir='ltr'><strong>ametu-</strong></span> 
     </span>
     <span class='ocr_line' id='line_1_26' title="bbox 242 2721 1328 2809; baseline -0.001 -21"><span class='ocrx_word' id='word_1_190' title='bbox 242 2727 291 2788; x_wconf 84' lang='lat' dir='ltr'><strong>ria</strong></span> <span class='ocrx_word' id='word_1_191' title='bbox 306 2724 445 2790; x_wconf 83' lang='lat' dir='ltr'><strong>carmina</strong></span> <span class='ocrx_word' id='word_1_192' title='bbox 463 2722 571 2785; x_wconf 83' lang='lat' dir='ltr'><strong>brevia</strong></span> <span class='ocrx_word' id='word_1_193' title='bbox 585 2721 730 2804; x_wconf 84' lang='lat' dir='ltr'><strong>scripsit,</strong></span> <span class='ocrx_word' id='word_1_194' title='bbox 753 2723 884 2806; x_wconf 87' lang='lat' dir='ltr'><strong>quaein</strong></span> <span class='ocrx_word' id='word_1_195' title='bbox 905 2745 1022 2786; x_wconf 87' lang='lat' dir='ltr'><strong>uorem</strong></span> <span class='ocrx_word' id='word_1_196' title='bbox 1035 2723 1154 2802; x_wconf 87' lang='lat' dir='ltr'><strong>libros,</strong></span> <span class='ocrx_word' id='word_1_197' title='bbox 1180 2723 1328 2809; x_wconf 90' lang='lat' dir='ltr'><strong>Daphni-</strong></span> 
     </span>
     <span class='ocr_line' id='line_1_27' title="bbox 243 2819 1327 2908; baseline 0 -20"><span class='ocrx_word' id='word_1_198' title='bbox 243 2848 298 2889; x_wconf 89' lang='lat' dir='ltr'><strong>aca</strong></span> <span class='ocrx_word' id='word_1_199' title='bbox 317 2823 502 2908; x_wconf 87' lang='lat' dir='ltr'><strong>inscriptos,</strong></span> <span class='ocrx_word' id='word_1_200' title='bbox 525 2819 657 2900; x_wconf 83' lang='lat' dir='ltr'><strong>collegit</strong></span> <span class='ocrx_word' id='word_1_201' title='bbox 669 2821 731 2900; x_wconf 71' lang='lat' dir='ltr'><strong>¹i)a</strong></span> <span class='ocrx_word' id='word_1_202' title='bbox 753 2821 909 2906; x_wconf 85' lang='lat' dir='ltr'><strong>pluraque</strong></span> <span class='ocrx_word' id='word_1_203' title='bbox 924 2831 1091 2905; x_wconf 90' lang='lat' dir='ltr'><strong>praeterea</strong></span> <span class='ocrx_word' id='word_1_204' title='bbox 1110 2823 1254 2886; x_wconf 88' lang='lat' dir='ltr'><strong>eiusdem</strong></span> <span class='ocrx_word' id='word_1_205' title='bbox 1266 2845 1327 2908; x_wconf 88' lang='lat' dir='ltr'><strong>ge·</strong></span> 
     </span>
     <span class='ocr_line' id='line_1_28' title="bbox 243 2919 1325 3006; baseline -0.001 -20"><span class='ocrx_word' id='word_1_206' title='bbox 243 2924 329 2988; x_wconf 89' lang='lat' dir='ltr'><strong>neris</strong></span> <span class='ocrx_word' id='word_1_207' title='bbox 348 2921 426 2983; x_wconf 79' lang='lat' dir='ltr'><strong>alias</strong></span> <span class='ocrx_word' id='word_1_208' title='bbox 449 2943 467 2983; x_wconf 86' lang='lat' dir='ltr'><strong>e</strong></span> <span class='ocrx_word' id='word_1_209' title='bbox 484 2939 621 3004; x_wconf 87' lang='lat' dir='ltr'><strong>quorum</strong></span> <span class='ocrx_word' id='word_1_210' title='bbox 635 2941 769 2982; x_wconf 88' lang='lat' dir='ltr'><strong>numero</strong></span> <span class='ocrx_word' id='word_1_211' title='bbox 787 2919 887 2983; x_wconf 88' lang='lat' dir='ltr'><strong>multa</strong></span> <span class='ocrx_word' id='word_1_212' title='bbox 902 2928 1073 3004; x_wconf 87' lang='lat' dir='ltr'><strong>supersunt</strong></span> <span class='ocrx_word' id='word_1_213' title='bbox 1088 2921 1325 3006; x_wconf 88' lang='lat' dir='ltr'><strong>epigrammata,</strong></span> 
     </span>
     <span class='ocr_line' id='line_1_29' title="bbox 242 3019 1327 3102; baseline -0.003 -15"><span class='ocrx_word' id='word_1_214' title='bbox 242 3045 307 3087; x_wconf 90' lang='lat' dir='ltr'><strong>non</strong></span> <span class='ocrx_word' id='word_1_215' title='bbox 321 3021 497 3085; x_wconf 79' lang='lat' dir='ltr'><strong>invenusta.</strong></span> <span class='ocrx_word' id='word_1_216' title='bbox 516 3020 640 3097; x_wconf 88' lang='lat' dir='ltr'><strong>Postea,</strong></span> <span class='ocrx_word' id='word_1_217' title='bbox 649 3019 705 3081; x_wconf 89' lang='lat' dir='ltr'><strong>sed</strong></span> <span class='ocrx_word' id='word_1_218' title='bbox 716 3029 872 3102; x_wconf 89' lang='lat' dir='ltr'><strong>regnante</strong></span> <span class='ocrx_word' id='word_1_219' title='bbox 880 3019 986 3084; x_wconf 88' lang='lat' dir='ltr'><strong>adhuc</strong></span> <span class='ocrx_word' id='word_1_220' title='bbox 995 3021 1172 3084; x_wconf 84' lang='lat' dir='ltr'><strong>lastiniano</strong></span> <span class='ocrx_word' id='word_1_221' title='bbox 1181 3023 1240 3100; x_wconf 84' lang='lat'><strong>¹⁵),</strong></span> <span class='ocrx_word' id='word_1_222' title='bbox 1252 3022 1327 3084; x_wconf 90' lang='lat' dir='ltr'><strong>col-</strong></span> 
     </span>
     <span class='ocr_line' id='line_1_30' title="bbox 239 3115 1326 3208; baseline -0.003 -21"><span class='ocrx_word' id='word_1_223' title='bbox 239 3125 329 3208; x_wconf 86' lang='lat' dir='ltr'><strong>legit,</strong></span> <span class='ocrx_word' id='word_1_224' title='bbox 351 3129 447 3204; x_wconf 86' lang='lat' dir='ltr'><strong>atque</strong></span> <span class='ocrx_word' id='word_1_225' title='bbox 459 3120 490 3180; x_wconf 89' lang='lat' dir='ltr'><strong>iu</strong></span> <span class='ocrx_word' id='word_1_226' title='bbox 508 3125 628 3202; x_wconf 88' lang='lat' dir='ltr'><strong>septem</strong></span> <span class='ocrx_word' id='word_1_227' title='bbox 642 3115 739 3179; x_wconf 90' lang='lat' dir='ltr'><strong>libros</strong></span> <span class='ocrx_word' id='word_1_228' title='bbox 750 3118 890 3202; x_wconf 77' lang='lat' dir='ltr'><strong>digessit,</strong></span> <span class='ocrx_word' id='word_1_229' title='bbox 907 3119 1143 3206; x_wconf 81' lang='lat' dir='ltr'><strong>epigrammata,</strong></span> <span class='ocrx_word' id='word_1_230' title='bbox 1163 3120 1326 3204; x_wconf 70' lang='lat' dir='ltr'><strong>siquklem</strong></span> 
     </span>
     <span class='ocr_line' id='line_1_31' title="bbox 240 3214 1325 3300; baseline -0.006 -14"><span class='ocrx_word' id='word_1_231' title='bbox 240 3225 309 3286; x_wconf 89' lang='lat' dir='ltr'><strong>eius</strong></span> <span class='ocrx_word' id='word_1_232' title='bbox 325 3221 419 3285; x_wconf 85' lang='lat' dir='ltr'><strong>rerba</strong></span> <span class='ocrx_word' id='word_1_233' title='bbox 436 3217 476 3280; x_wconf 88' lang='lat' dir='ltr'><strong>ad</strong></span> <span class='ocrx_word' id='word_1_234' title='bbox 488 3217 626 3280; x_wconf 87' lang='lat' dir='ltr'><strong>litteram</strong></span> <span class='ocrx_word' id='word_1_235' title='bbox 640 3214 880 3300; x_wconf 85' lang='lat' dir='ltr'><strong>interpretanda</strong></span> <span class='ocrx_word' id='word_1_236' title='bbox 897 3227 973 3281; x_wconf 89' lang='lat' dir='ltr'><strong>suut</strong></span> <span class='ocrx_word' id='word_1_237' title='bbox 992 3219 1222 3299; x_wconf 85' lang='lat' dir='ltr'><strong>recentiorum,</strong></span> <span class='ocrx_word' id='word_1_238' title='bbox 1240 3239 1325 3282; x_wconf 90' lang='lat' dir='ltr'><strong>nou-</strong></span> 
     </span>
    </p>
   </div>
   <div class='ocr_carea' id='block_1_5' title="bbox 272 3399 1324 3545">
    <p class='ocr_par' dir='ltr' id='par_1_5' title="bbox 272 3399 1324 3545">
     <span class='ocr_line' id='line_1_32' title="bbox 272 3399 1324 3479; baseline -0.001 -21"><span class='ocrx_word' id='word_1_239' title='bbox 272 3409 301 3479; x_wconf 84' lang='lat'><strong>8)</strong></span> <span class='ocrx_word' id='word_1_240' title='bbox 320 3406 388 3458; x_wconf 81' lang='lat' dir='ltr'><strong>illst.</strong></span> <span class='ocrx_word' id='word_1_241' title='bbox 415 3405 449 3456; x_wconf 90' lang='grc'><strong>11.</strong></span> <span class='ocrx_word' id='word_1_242' title='bbox 479 3404 517 3456; x_wconf 87' lang='grc'><strong>16.</strong></span> <span class='ocrx_word' id='word_1_243' title='bbox 540 3419 566 3474; x_wconf 89' lang='lat' dir='ltr'><strong>p.</strong></span> <span class='ocrx_word' id='word_1_244' title='bbox 592 3419 634 3472; x_wconf 84' lang='lat'><strong>99.</strong></span> <span class='ocrx_word' id='word_1_245' title='bbox 702 3399 732 3471; x_wconf 90' lang='lat'><strong>9)</strong></span> <span class='ocrx_word' id='word_1_246' title='bbox 749 3401 837 3474; x_wconf 87' lang='lat' dir='ltr'><strong>Epigr.</strong></span> <span class='ocrx_word' id='word_1_247' title='bbox 857 3403 882 3471; x_wconf 74' lang='lat'><strong>4.</strong></span> <span class='ocrx_word' id='word_1_248' title='bbox 927 3403 979 3456; x_wconf 88' lang='lat' dir='ltr'><strong>Illo</strong></span> <span class='ocrx_word' id='word_1_249' title='bbox 997 3421 1069 3457; x_wconf 92' lang='lat' dir='ltr'><strong>anno</strong></span> <span class='ocrx_word' id='word_1_250' title='bbox 1086 3403 1168 3457; x_wconf 77' lang='lat' dir='ltr'><strong>laires</strong></span> <span class='ocrx_word' id='word_1_251' title='bbox 1189 3401 1324 3458; x_wconf 86' lang='lat' dir='ltr'><strong>diceban-</strong></span> 
     </span>
     <span class='ocr_line' id='line_1_33' title="bbox 308 3467 1324 3545; baseline -0.001 -16"><span class='ocrx_word' id='word_1_252' title='bbox 308 3485 367 3540; x_wconf 90' lang='lat' dir='ltr'><strong>tur,</strong></span> <span class='ocrx_word' id='word_1_253' title='bbox 385 3473 458 3527; x_wconf 88' lang='lat' dir='ltr'><strong>unde</strong></span> <span class='ocrx_word' id='word_1_254' title='bbox 473 3467 506 3525; x_wconf 79' lang='lat' dir='ltr'><strong>sal</strong></span> <span class='ocrx_word' id='word_1_255' title='bbox 524 3471 632 3542; x_wconf 79' lang='grc' dir='ltr'><strong><em>λύσιμα</em></strong></span> <span class='ocrx_word' id='word_1_256' title='bbox 649 3471 707 3524; x_wconf 72' lang='lat' dir='ltr'><strong>sois</strong></span> <span class='ocrx_word' id='word_1_257' title='bbox 719 3469 817 3542; x_wconf 83' lang='grc' dir='ltr'><em>νόμων</em></span> <span class='ocrx_word' id='word_1_258' title='bbox 833 3501 865 3513; x_wconf 91' lang='lat'><em>-</em></span> <span class='ocrx_word' id='word_1_259' title='bbox 881 3472 959 3527; x_wconf 82' lang='lat' dir='ltr'><strong>inser.</strong></span> <span class='ocrx_word' id='word_1_260' title='bbox 977 3477 1059 3544; x_wconf 84' lang='lat' dir='ltr'><strong>epigr.</strong></span> <span class='ocrx_word' id='word_1_261' title='bbox 1075 3477 1120 3528; x_wconf 72' lang='lat' dir='ltr'><strong>ai:</strong></span> <span class='ocrx_word' id='word_1_262' title='bbox 1135 3501 1171 3514; x_wconf 85' lang='lat'><strong>-</strong></span> <span class='ocrx_word' id='word_1_263' title='bbox 1190 3477 1324 3545; x_wconf 84' lang='lat' dir='ltr'><strong>explicari</strong></span> 
     </span>
    </p>
   </div>
   <div class='ocr_carea' id='block_1_6' title="bbox 304 3540 1370 4086">
    <p class='ocr_par' dir='ltr' id='par_1_6' title="bbox 304 3540 1370 4086">
     <span class='ocr_line' id='line_1_34' title="bbox 320 3540 1326 3614; baseline 0 -16"><span class='ocrx_word' id='word_1_264' title='bbox 320 3563 389 3598; x_wconf 82' lang='lat' dir='ltr'><strong>›osse</strong></span> <span class='ocrx_word' id='word_1_265' title='bbox 406 3545 542 3598; x_wconf 84' lang='lat' dir='ltr'><strong>videntur.</strong></span> <span class='ocrx_word' id='word_1_266' title='bbox 577 3540 705 3612; x_wconf 80' lang='lat' dir='ltr'><strong>Agathino</strong></span> <span class='ocrx_word' id='word_1_267' title='bbox 724 3549 800 3594; x_wconf 90' lang='lat' dir='ltr'><strong>trans</strong></span> <span class='ocrx_word' id='word_1_268' title='bbox 817 3552 926 3611; x_wconf 86' lang='lat' dir='ltr'><strong>portum</strong></span> <span class='ocrx_word' id='word_1_269' title='bbox 938 3546 968 3597; x_wconf 92' lang='lat' dir='ltr'><strong>in</strong></span> <span class='ocrx_word' id='word_1_270' title='bbox 989 3546 1098 3614; x_wconf 74' lang='lat' dir='ltr'><strong>reginem</strong></span> <span class='ocrx_word' id='word_1_271' title='bbox 1115 3545 1212 3597; x_wconf 87' lang='lat' dir='ltr'><strong>Peraea</strong></span> <span class='ocrx_word' id='word_1_272' title='bbox 1231 3562 1326 3598; x_wconf 83' lang='lat' dir='ltr'><strong>mora-</strong></span> 
     </span>
     <span class='ocr_line' id='line_1_35' title="bbox 307 3565 1324 3684; baseline -0.003 -14"><span class='ocrx_word' id='word_1_273' title='bbox 307 3565 402 3680; x_wconf 77' lang='lat' dir='ltr'><strong>intur,</strong></span> <span class='ocrx_word' id='word_1_274' title='bbox 425 3623 457 3667; x_wconf 89' lang='lat' dir='ltr'><strong>ut</strong></span> <span class='ocrx_word' id='word_1_275' title='bbox 473 3621 670 3684; x_wconf 88' lang='lat' dir='ltr'><strong>postremorum</strong></span> <span class='ocrx_word' id='word_1_276' title='bbox 690 3611 784 3663; x_wconf 82' lang='lat' dir='ltr'><strong>decem</strong></span> <span class='ocrx_word' id='word_1_277' title='bbox 800 3612 933 3666; x_wconf 88' lang='lat' dir='ltr'><strong>librorum</strong></span> <span class='ocrx_word' id='word_1_278' title='bbox 951 3615 1129 3684; x_wconf 87' lang='lat' dir='ltr'><strong>singularium</strong></span> <span class='ocrx_word' id='word_1_279' title='bbox 1149 3615 1324 3668; x_wconf 85' lang='lat' dir='ltr'><strong>difficultati·</strong></span> 
     </span>
     <span class='ocr_line' id='line_1_36' title="bbox 307 3680 1321 3754; baseline -0.002 -15"><span class='ocrx_word' id='word_1_280' title='bbox 307 3687 359 3740; x_wconf 90' lang='lat' dir='ltr'><strong>bus</strong></span> <span class='ocrx_word' id='word_1_281' title='bbox 377 3685 513 3738; x_wconf 83' lang='lat' dir='ltr'><strong>solvendis</strong></span> <span class='ocrx_word' id='word_1_282' title='bbox 532 3699 642 3752; x_wconf 87' lang='lat' dir='ltr'><strong>operam</strong></span> <span class='ocrx_word' id='word_1_283' title='bbox 663 3680 755 3742; x_wconf 88' lang='lat' dir='ltr'><strong>daret,</strong></span> <span class='ocrx_word' id='word_1_284' title='bbox 784 3683 879 3752; x_wconf 89' lang='lat' dir='ltr'><strong>procul</strong></span> <span class='ocrx_word' id='word_1_285' title='bbox 905 3684 940 3736; x_wconf 83' lang='lat' dir='ltr'><strong>ab</strong></span> <span class='ocrx_word' id='word_1_286' title='bbox 961 3685 1038 3737; x_wconf 86' lang='lat' dir='ltr'><strong>urbis</strong></span> <span class='ocrx_word' id='word_1_287' title='bbox 1056 3686 1170 3754; x_wconf 86' lang='lat' dir='ltr'><strong>strepitu</strong></span> <span class='ocrx_word' id='word_1_288' title='bbox 1191 3695 1321 3740; x_wconf 87' lang='lat' dir='ltr'><strong>remotus.</strong></span> 
     </span>
     <span class='ocr_line' id='line_1_37' title="bbox 311 3750 1322 3830; baseline -0.001 -19"><span class='ocrx_word' id='word_1_289' title='bbox 311 3762 353 3830; x_wconf 90' lang='lat' dir='ltr'><strong>ro)</strong></span> <span class='ocrx_word' id='word_1_290' title='bbox 371 3757 492 3810; x_wconf 87' lang='lat' dir='ltr'><strong>Prooem.</strong></span> <span class='ocrx_word' id='word_1_291' title='bbox 512 3754 530 3807; x_wconf 88' lang='lat' dir='ltr'><strong>l.</strong></span> <span class='ocrx_word' id='word_1_292' title='bbox 556 3770 578 3808; x_wconf 88' lang='lat' dir='ltr'><strong>c.</strong></span> <span class='ocrx_word' id='word_1_293' title='bbox 668 3750 710 3823; x_wconf 88' lang='grc'><strong>11)</strong></span> <span class='ocrx_word' id='word_1_294' title='bbox 727 3753 796 3804; x_wconf 85' lang='lat' dir='ltr'><strong>llist</strong></span> <span class='ocrx_word' id='word_1_295' title='bbox 820 3753 867 3806; x_wconf 87' lang='grc' dir='ltr'><strong>ΠΙ.</strong></span> <span class='ocrx_word' id='word_1_296' title='bbox 892 3771 913 3806; x_wconf 88' lang='lat' dir='ltr'><strong>s.</strong></span> <span class='ocrx_word' id='word_1_297' title='bbox 935 3771 963 3824; x_wconf 88' lang='lat' dir='ltr'><strong>p.</strong></span> <span class='ocrx_word' id='word_1_298' title='bbox 993 3757 1050 3808; x_wconf 82' lang='grc'><strong>138.</strong></span> <span class='ocrx_word' id='word_1_299' title='bbox 1086 3754 1167 3825; x_wconf 86' lang='lat' dir='ltr'><strong>Quod</strong></span> <span class='ocrx_word' id='word_1_300' title='bbox 1191 3756 1322 3824; x_wconf 76' lang='lat' dir='ltr'><strong>Smyrnae</strong></span> 
     </span>
     <span class='ocr_line' id='line_1_38' title="bbox 307 3823 1370 3897; baseline -0.004 -16"><span class='ocrx_word' id='word_1_301' title='bbox 307 3845 399 3881; x_wconf 87' lang='lat' dir='ltr'><strong>causas</strong></span> <span class='ocrx_word' id='word_1_302' title='bbox 422 3843 510 3880; x_wconf 88' lang='lat' dir='ltr'><strong>orasse</strong></span> <span class='ocrx_word' id='word_1_303' title='bbox 532 3823 720 3885; x_wconf 87' lang='lat' dir='ltr'><strong>coniecerunt,</strong></span> <span class='ocrx_word' id='word_1_304' title='bbox 753 3831 899 3892; x_wconf 84' lang='lat' dir='ltr'><strong>propterea</strong></span> <span class='ocrx_word' id='word_1_305' title='bbox 926 3823 1001 3895; x_wconf 87' lang='lat' dir='ltr'><strong>quod</strong></span> <span class='ocrx_word' id='word_1_306' title='bbox 1021 3827 1189 3897; x_wconf 70' lang='grc' dir='ltr'><strong><em>Σμυρναῖον</em></strong></span> <span class='ocrx_word' id='word_1_307' title='bbox 1214 3827 1322 3894; x_wconf 64' lang='lat' dir='ltr'><strong>egota—</strong></span> <span class='ocrx_word' id='word_1_308' title='bbox 1365 3879 1370 3884; x_wconf 73' lang='grc'><strong>,</strong></span> 
     </span>
     <span class='ocr_line' id='line_1_39' title="bbox 307 3889 1321 3966; baseline 0 -16"><span class='ocrx_word' id='word_1_309' title='bbox 307 3889 405 3951; x_wconf 75' lang='grc' dir='ltr'><em>στικὸν</em></span> <span class='ocrx_word' id='word_1_310' title='bbox 421 3899 449 3949; x_wconf 88' lang='lat' dir='ltr'><strong>in</strong></span> <span class='ocrx_word' id='word_1_311' title='bbox 465 3896 544 3946; x_wconf 86' lang='lat' dir='ltr'><strong>libris</strong></span> <span class='ocrx_word' id='word_1_312' title='bbox 559 3892 691 3962; x_wconf 89' lang='lat' dir='ltr'><strong>corruptis</strong></span> <span class='ocrx_word' id='word_1_313' title='bbox 706 3893 797 3944; x_wconf 85' lang='lat' dir='ltr'><strong>vocari</strong></span> <span class='ocrx_word' id='word_1_314' title='bbox 811 3893 957 3959; x_wconf 81' lang='lat' dir='ltr'><strong>vidissent,</strong></span> <span class='ocrx_word' id='word_1_315' title='bbox 977 3895 1007 3948; x_wconf 89' lang='lat' dir='ltr'><strong>id</strong></span> <span class='ocrx_word' id='word_1_316' title='bbox 1022 3910 1086 3948; x_wconf 88' lang='lat' dir='ltr'><strong>vero</strong></span> <span class='ocrx_word' id='word_1_317' title='bbox 1106 3911 1193 3966; x_wconf 87' lang='lat' dir='ltr'><strong>usque</strong></span> <span class='ocrx_word' id='word_1_318' title='bbox 1209 3895 1244 3947; x_wconf 86' lang='lat' dir='ltr'><strong>ad</strong></span> <span class='ocrx_word' id='word_1_319' title='bbox 1257 3905 1321 3950; x_wconf 86' lang='lat' dir='ltr'><strong>stc-</strong></span> 
     </span>
     <span class='ocr_line' id='line_1_40' title="bbox 304 3964 1319 4086; baseline -0.002 -65"><span class='ocrx_word' id='word_1_320' title='bbox 304 3967 438 4021; x_wconf 85' lang='lat' dir='ltr'><strong>liditatena</strong></span> <span class='ocrx_word' id='word_1_321' title='bbox 465 3973 586 4035; x_wconf 85' lang='lat' dir='ltr'><strong>argutum</strong></span> <span class='ocrx_word' id='word_1_322' title='bbox 610 3969 652 4015; x_wconf 90' lang='lat' dir='ltr'><strong>cst</strong></span> <span class='ocrx_word' id='word_1_323' title='bbox 674 3971 859 4016; x_wconf 85' lang='lat' dir='ltr'><strong>commentum</strong></span> <span class='ocrx_word' id='word_1_324' title='bbox 942 3964 993 4086; x_wconf 58' lang='lat' dir='ltr'><strong>mi,</strong></span> <span class='ocrx_word' id='word_1_325' title='bbox 1011 3966 1063 4019; x_wconf 85' lang='lat' dir='ltr'><strong>Iac</strong></span> <span class='ocrx_word' id='word_1_326' title='bbox 1085 3965 1209 4018; x_wconf 85' lang='lat' dir='ltr'><strong>Gothoir.</strong></span> <span class='ocrx_word' id='word_1_327' title='bbox 1233 3965 1268 4018; x_wconf 84' lang='lat' dir='ltr'><strong>asl</strong></span> <span class='ocrx_word' id='word_1_328' title='bbox 1285 3966 1319 4020; x_wconf 91' lang='lat' dir='ltr'><strong>C.</strong></span> 
     </span>
    </p>
   </div>
   <div class='ocr_carea' id='block_1_7' title="bbox 290 4033 1318 4178">
    <p class='ocr_par' dir='ltr' id='par_1_7' title="bbox 290 4033 1318 4178">
     <span class='ocr_line' id='line_1_41' title="bbox 305 4033 1318 4107; baseline -0.003 -16"><span class='ocrx_word' id='word_1_329' title='bbox 305 4035 606 4093; x_wconf 82' lang='lat' dir='ltr'><strong>Theod.V11Lro.a.</strong></span> <span class='ocrx_word' id='word_1_330' title='bbox 642 4033 718 4086; x_wconf 81' lang='lat' dir='ltr'><strong>Toua.</strong></span> <span class='ocrx_word' id='word_1_331' title='bbox 739 4033 771 4084; x_wconf 82' lang='lat' dir='ltr'><strong>ll</strong></span> <span class='ocrx_word' id='word_1_332' title='bbox 790 4050 816 4103; x_wconf 92' lang='lat' dir='ltr'><strong>p.</strong></span> <span class='ocrx_word' id='word_1_333' title='bbox 833 4036 893 4104; x_wconf 79' lang='lat'><strong>627.</strong></span> <span class='ocrx_word' id='word_1_334' title='bbox 912 4034 955 4088; x_wconf 87' lang='lat' dir='ltr'><strong>ed.</strong></span> <span class='ocrx_word' id='word_1_335' title='bbox 995 4037 1047 4106; x_wconf 90' lang='lat' dir='ltr'><strong>ips.</strong></span> <span class='ocrx_word' id='word_1_336' title='bbox 1132 4036 1176 4107; x_wconf 77' lang='lat'><strong>13)</strong></span> <span class='ocrx_word' id='word_1_337' title='bbox 1188 4035 1256 4090; x_wconf 75' lang='lat' dir='ltr'><strong>nist</strong></span> <span class='ocrx_word' id='word_1_338' title='bbox 1268 4036 1318 4092; x_wconf 89' lang='lat' dir='ltr'><strong>llI.</strong></span> 
     </span>
     <span class='ocr_line' id='line_1_42' title="bbox 290 4101 1160 4178; baseline 0 -18"><span class='ocrx_word' id='word_1_339' title='bbox 290 4109 323 4162; x_wconf 87' lang='lat' dir='ltr'><strong>·l.</strong></span> <span class='ocrx_word' id='word_1_340' title='bbox 337 4127 357 4162; x_wconf 84' lang='lat' dir='ltr'><strong>c</strong></span> <span class='ocrx_word' id='word_1_341' title='bbox 432 4107 474 4178; x_wconf 78' lang='grc'><strong>14)</strong></span> <span class='ocrx_word' id='word_1_342' title='bbox 490 4107 580 4178; x_wconf 86' lang='lat' dir='ltr'><strong>Epigr.</strong></span> <span class='ocrx_word' id='word_1_343' title='bbox 598 4123 621 4176; x_wconf 83' lang='lat'><strong>7.</strong></span> <span class='ocrx_word' id='word_1_344' title='bbox 697 4102 740 4174; x_wconf 80' lang='lat'><strong>15)</strong></span> <span class='ocrx_word' id='word_1_345' title='bbox 758 4101 790 4156; x_wconf 84' lang='lat' dir='ltr'><strong>ld</strong></span> <span class='ocrx_word' id='word_1_346' title='bbox 805 4121 837 4158; x_wconf 82' lang='lat' dir='ltr'><strong>er</strong></span> <span class='ocrx_word' id='word_1_347' title='bbox 854 4107 1027 4176; x_wconf 83' lang='lat' dir='ltr'><strong>praelatione</strong></span> <span class='ocrx_word' id='word_1_348' title='bbox 1040 4111 1160 4178; x_wconf 83' lang='lat' dir='ltr'><strong>apparet</strong></span> 
     </span>
    </p>
   </div>
   <div class='ocr_carea' id='block_1_8' title="bbox 0 0 1454 4792">
    <p class='ocr_par' dir='ltr' id='par_1_8' title="bbox 0 0 1454 4792">
     <span class='ocr_line' id='line_1_43' title="bbox 0 0 1454 4792; baseline 0 9"><span class='ocrx_word' id='word_1_349' title='bbox 0 0 1454 4792; x_wconf 95' lang='lat' dir='ltr'><strong> </strong></span> 
     </span>
    </p>
   </div>
  </div>
 </body>
</html>
