2900 4792
268 237 354 322 360
697 261 908 326 mmm

265 415 338 481 ε’πεί
358 411 421 501 γάρ
439 413 498 476 οῦκ
518 407 637 476 ἔνεστιν
651 409 686 486 ἔξ
702 410 784 492 ἐμοῦ
797 408 897 490 μόνου

263 512 351 594 ῦμῦς
370 515 575 594 μεταλαβεῖν,
603 501 735 593 ἄνδρες,
765 502 855 586 άξίας
870 509 1007 592 τροφῆς,

264 607 400 686 πολλοῦς
415 605 527 676 ἔπεισα
548 611 717 691 συλλαβεῖν
738 629 794 687 μοι
816 608 875 669 τοῦ
890 604 1007 686 πόνου,

265 708 321 775 καί
335 712 582 791 ουχκαταβαλεῑν
604 706 658 770 καί
676 706 842 794 ουνεστιᾷν
858 703 960 769 πλέον.

264 810 320 877 καί
344 805 383 893 δίη
402 807 561 893 παρέσχον
582 802 734 890 ἀφθόνως
759 800 789 868 οἱ
811 802 957 868 πλοάσιοι

264 909 299 986 ἔξ
315 897 361 971 ῶν
375 907 537 992 τρυφῶσι,
565 901 621 968 καί
637 899 831 988 παραλαβῶν
847 901 980 986 γνησίως

263 1009 298 1072 ἐν
319 1013 385 1083 τοϊς
404 1005 530 1076 ἐκείνων
549 1005 695 1086 πόμμασι
712 1001 927 1088 φρυάττομαι.

263 1109 355 1170 τοῦτο
378 1104 415 1169 δέ
430 1128 479 1178 τις
495 1097 602 1168 αῦτῶν
625 1097 835 1188 προσφόροις,
864 1095 989 1174 δεικνῦς
1010 1097 1084 1180 ἐμὲ,
1181 1125 1188 1134 ·

262 1201 341 1279 ἴσως
360 1205 431 1289 ἐρεῖ
450 1201 530 1285 πρός
555 1193 670 1284 άλλον,
701 1199 820 1286 α’ρτίσις
839 1196 920 1280 ε’μοῦ

262 1302 368 1384 μάζαν
383 1298 564 1385 μεμαχότος
582 1295 738 1384 μουσικήν
759 1323 794 1362 τε
817 1297 873 1363 καί
892 1297 977 1379 νίαν,

262 1393 353 1477 οὗτος
368 1401 528 1485 παρέθηκε
551 1396 610 1484 τὴν
622 1398 679 1463 ῦπ’
698 1400 780 1480 ἐμοῦ
797 1397 1007 1481 μεμαγμένην.

260 1502 357 1566 ταυτί
378 1504 439 1581 μὲν
459 1491 517 1563 οῦν
540 1500 610 1583 ε’ρεϊ
627 1523 677 1574 τις
684 1549 696 1579 ,
722 1492 813 1578 οἶδα,
847 1499 909 1562 τῶν
928 1496 1053 1582 σοφῶν,

261 1601 324 1665 τῶν
344 1591 523 1678 όφσποιῶν,
550 1587 596 1660 ῶν
615 1595 713 1681 χάριν
733 1597 815 1660 δοκῶ
829 1591 926 1676 μόνος

261 1693 341 1762 εἶναι
365 1693 518 1780 τοσαύτης
533 1692 659 1780 ἧγεμῶν
676 1693 875 1770 πανδαισάις.

260 1792 395 1882 θαρρῶν
414 1791 475 1880 γάρ
496 1788 604 1870 αῦτοῖς
618 1794 705 1859 λιτόν
728 1791 851 1858 οἴκοθεν
866 1793 963 1879 μέρος

261 1891 380 1976 καῦτός
402 1895 576 1981 παρέμιξοι,
612 1897 673 1960 τοῦ
691 1896 793 1959 δοκεῖν
811 1891 857 1980 μη
875 1895 1031 1968 παντελῶς

261 1996 346 2073 ξένος
362 2019 411 2071 τις
431 1989 512 2060 εἶναι
531 1994 594 2058 τῶν
611 1993 667 2057 δπ)
683 1995 765 2076 ἐμοῦ
787 1992 997 2080 συνηγμένων.

148 2163 154 2174 ,
258 2090 384 2172 dm}
416 2090 549 2158 ἑκάστου
571 2090 705 2179 σμικρόν
723 2091 823 2178 ἔξάγοο
842 2094 956 2179 μέρος,

259 2185 334 2257 ῦσον
350 2187 536 2274 άπογεῦσαι.
561 2193 625 2256 τῶν
645 2195 681 2258 δὲ
699 2195 816 2258 λοιπῶν
833 2194 863 2258 εί
880 2191 969 2256 θόλοι

259 2299 367 2374 τυχεῖν
380 2314 429 2366 τις
447 2291 610 2374 ἁπάντων,
637 2289 694 2357 καί
710 2301 879 2376 μετασχεῖν
895 2295 940 2368 εἰς
958 2287 1060 2378 κόρον,

260 2387 338 2457 ἴστω
357 2413 393 2472 γε
412 2392 516 2456 ταῦτα
537 2396 604 2456 κατ’
624 2390 745 2479 άγοράν
763 2393 901 2478 ζητητέα.

343 2488 476 2572 Κόσμον
500 2491 536 2554 δὲ
556 2489 706 2577 προσθείς
725 2500 791 2569 τοῖς
808 2493 896 2572 ε’μοϊς
910 2491 1100 2578 ποιήμασιν,

260 2591 296 2654 δτι
311 2590 369 2652 τοῦ
388 2587 543 2671 βασιλέως
564 2587 639 2664 τοῦς
658 2593 833 2677 προλόγους
855 2591 1034 2677 ποιήσομαι·

260 2682 386 2754 άπαντα
404 2685 465 2771 γάρ
484 2710 542 2766 μοι
559 2688 667 2764 δεξιῶς
687 2685 889 2774 προβήσεται

257 2783 318 2848 καί
328 2806 385 2864 μοι
404 2786 562 2867 μεγιστοσν
579 2785 771 2872 πραγμάτων
788 2785 995 2874 ῦμνουμένοον

256 2882 363 2970 εδρεῑν
382 2883 501 2966 γίνοιτο
526 2885 582 2949 καί
600 2883 712 2968 λόγους
736 2887 939 2973 ἐπηρμένους.

338 2982 401 3069 Μή
420 3006 468 3058 τις
487 2981 693 3068 ῦπαυχενάιιο
720 2985 820 3053 λιπῶν
843 2989 989 3074 ζωστῆρα
1007 2987 1160 3052 λεπάδνου

256 3082 417 3168 βάρβαρος
430 3087 464 3160 ἒς
480 3089 620 3168 βασιλῆα
635 3086 793 3174 βιὴμαχον
814 3077 903 3170 ῦμμα
922 3085 1074 3176 τανόσση,

254 3183 332 3266 μηδ’
346 3181 393 3248 ἔτι
413 3182 536 3269 Περσίς
554 3179 683 3262 ἄναλκις
700 3189 910 3254 άναστείλασα
931 3183 1113 3274 καλάπτρην

256 3272 368 3368 ὄρθιον
391 3281 569 3369 άθρὴσειεν·
598 3285 812 3365 ἐποκλάζουσα
836 3288 872 3352 δὲ
896 3285 989 3375 γαίη,

253 3385 311 3447 καί
331 3377 430 3466 λόφον
451 3383 612 3467 αῦχὴεντα
632 3383 917 3469 καταγνάμνιτουσα
939 3387 1103 3470 τενόντων,

253 3480 425 3555 Αδσονίοις
445 3472 576 3566 ῦκλητος
592 3483 790 3550 ῦποκλίνοιτο
808 3485 983 3564 ταλάντοις.

249 3577 393 3665 Ἑσπερίη
411 3580 608 3666 θεράπαινα,
636 3582 676 3648 σά
692 3586 724 3648 δ’
737 3587 770 3663 ἐς
786 3588 922 3672 κρηπῖδα
943 3589 976 3652 Γ
973 3589 1126 3671 αδείραν,

253 3676 309 3746 καί
327 3677 414 3763 παρά
432 3679 576 3764 πορθμόν
600 3673 731 3768 Ἴβηρα,
753 3681 810 3750 καί
831 3685 1026 3751 Ὠκεανάιδα
1046 3685 1188 3771 Θοάλην,
1310 3769 1315 3778 ¹

251 3769 347 3861 ἧπιου
362 3775 590 3862 οἷμπνεάσειας,
618 3782 796 3866 ἀμοιβαίων
817 3787 853 3850 δὲ
869 3783 1030 3872 τυράννοιν

251 3876 376 3962 κράατα
397 3877 578 3963 μετρήσαοα
601 3880 656 3968 τεῇ
678 3884 862 3968 κρυφθέντα
889 3883 995 3973 κονίη,

251 3975 448 4060 θαρσαλέαις
469 3974 633 4066 παλάμῃσι
649 3980 746 4066 φιλην
769 3973 902 4064 άγκάζεο
920 3983 1062 4069 Ῥῶμην.

252 4075 429 4162 Καυκασάρ
449 4075 484 4138 δὲ
505 4074 625 4140 τένοντι
640 4079 697 4143 καί
715 4079 751 4144 ἐν
771 4079 899 4167 ῥηγμῖνι
916 4085 1062 4171 Κυταίη,

252 4169 373 4240 ὁππόθι
394 4175 555 4262 ταυρείοιο
577 4175 675 4256 ποδός
697 4177 871 4266 δουπήτορι
887 4183 994 4272 χαλκῷ
